2111 2755
659 186 1194 236 NOTAE.

174 285 316 337 plicare,
340 282 506 323 deficiens
537 283 720 337 quadrato.
760 294 901 336 oportet
925 292 1045 320 autem
1069 280 1192 320 datum
1216 278 1428 333 quadratum
1452 292 1528 320 non
1553 295 1632 320 rna-

173 355 233 408 jus
256 351 325 392 esse
348 367 394 392 eo
421 351 520 406 quod
545 366 566 391 a
590 352 734 391 dimidia
759 350 974 390 describitur.

247 422 299 461 Sit
319 421 401 460 data
424 424 513 459 reeta
538 419 629 459 linea
650 421 731 466 AB,
767 419 888 458 datum
920 429 1039 456 autern
1072 416 1285 469 quadratum
1318 416 1373 454 cui
1404 429 1546 468 oportet
1576 432 1632 458 ae-

175 488 282 543 quale
306 487 548 542 feei-angulum
572 488 617 527 ad
648 488 717 526 AB
742 486 914 539 applicare
938 485 980 524 fit
1004 484 1088 523 illud
1121 484 1218 537 quod
1244 498 1263 523 a
1288 485 1368 523 data
1399 488 1489 524 recta
1512 487 1543 524 C
1569 486 1629 524 de-

176 556 335 597 scribitur
359 571 433 596 non
458 557 569 609 majus
594 556 739 594 existens
764 568 809 593 co
832 554 929 607 quod
955 553 995 591 fit
1019 567 1038 591 a
1063 553 1212 592 dimidio
1235 552 1339 605 ipsius
1363 554 1440 591 AB.
1501 551 1504 554 ’

244 627 388 665 Secctur
416 625 485 663 AB
509 621 672 663 bifariam
697 623 734 661 in
759 625 808 669 D,
832 633 867 661 et
891 620 917 660 fi
940 620 1151 674 quadratum
1177 634 1220 658 ex
1248 622 1328 659 AD
1352 619 1500 673 aequale
1526 619 1631 662 fuerit

180 693 355 747 quadrato
385 706 429 731 cx
460 695 551 730 reeta
580 693 624 737 C,
662 689 796 728 factum
814 691 889 743 jam
914 689 977 728 erit
1000 687 1099 741 quod
1123 686 1403 741 proponebatur.
1463 689 1488 727 fi
1513 700 1631 728 autem

176 776 252 801 non
277 761 325 800 cst
344 757 497 812 aequale,
523 759 587 797 erit
605 759 683 797 AD
703 758 819 810 major
842 771 953 810 quam
971 757 1003 795 C
1021 755 1071 794 ob
1096 755 1441 796 determinationem.
1481 756 1631 796 ducatur

175 831 253 869 DE
277 828 323 867 ad
347 830 458 866 re&os
481 824 629 879 angulos
651 824 714 878 ipfi
738 827 818 872 AB,
849 836 885 864 et
909 825 972 864 fiat
996 825 1071 863 DE
1099 822 1252 877 aequalis
1275 824 1339 878 ipsi
1365 826 1396 865 C
1405 843 1415 873 ς
1451 825 1631 879 produca-

173 907 234 936 tur
256 909 341 935 vero
365 897 441 934 ED
465 894 510 934 ad
534 895 578 942 F,
619 905 658 933 ut
681 895 749 932 EF
771 891 924 946 aequalis
946 892 989 932 fit
1047 927 1067 965 Ι
1426 916 1467 952 H
1507 915 1553 953 K

176 964 241 1018 ipfi
257 966 340 1004 AD
358 961 416 1002 seu
428 964 512 1010 DB,
540 974 575 1000 et
599 973 723 1001 centro
741 963 776 1000 E
800 959 987 1001 intervallo
1069 952 1081 965 ⁴
1305 983 1334 1013 F
1444 960 1539 1059 ἶ]

176 1034 246 1072 EF
289 1029 501 1071 describatur
536 1029 685 1070 circulus
727 1030 787 1082 qui
828 1041 991 1069 occurrat
1114 1052 1117 1055 >
1322 1066 1360 1095 D
1437 1062 1476 1096 G
1516 1063 1544 1092 B

175 1104 290 1142 reuae
317 1101 387 1139 AB
409 1100 446 1138 in
470 1101 522 1145 G,
551 1111 586 1137 et
608 1097 708 1151 super
727 1099 795 1137 GB
814 1097 988 1137 describa-

175 1181 233 1208 tur
264 1168 473 1221 quadratum
505 1168 668 1214 GBKH,
703 1178 738 1206 ct
767 1165 990 1220 compleatur
1173 1159 1202 1195 C

175 1235 421 1289 rectangulum
445 1237 617 1282 AGHL3
637 1236 876 1289 jungaturque
895 1236 984 1274 EG.
1336 1219 1370 1255 E

176 1305 367 1357 Quoniam
402 1304 509 1357 igitur
543 1301 706 1342 bifariam
741 1301 828 1342 seua
862 1303 910 1342 est
945 1305 1020 1342 AB
1055 1304 1092 1342 in
1129 1306 1181 1351 D,
1226 1305 1290 1343 erit
1329 1308 1343 1327 ἢ
1378 1303 1626 1358 restangulum
1641 1315 1667 1337 a·
1687 1314 1762 1348 522

177 1374 271 1419 AG,
303 1373 374 1410 GB
398 1385 468 1409 una
491 1385 574 1409 cum
597 1371 769 1423 quadrato
793 1384 836 1409 ex
861 1372 941 1409 DG
965 1369 1111 1424 aequale
1146 1369 1341 1424 (quadrato
1373 1386 1417 1411 ex
1439 1373 1521 1420 DE,
1556 1373 1628 1413 hoc

175 1441 224 1480 est
248 1439 423 1493 quadrato
447 1453 490 1478 ex
513 1441 579 1477 EF
603 1438 671 1477 five
695 1440 782 1486 EG,
808 1437 880 1478 hoc
904 1437 970 1493 est)
996 1438 1172 1491 quadratis
1196 1454 1239 1477 ex
1258 1442 1346 1485 ED,
1374 1442 1466 1479 DG.
1525 1455 1626 1480 com-

175 1522 285 1547 mune
309 1504 490 1546 auferatur
513 1506 722 1558 quadratum
747 1520 791 1544 ex
808 1507 900 1553 DG,
919 1517 954 1544 et
978 1505 1155 1558 reliquum
1180 1505 1424 1560 reetanguium
1442 1510 1535 1556 AG,
1555 1511 1626 1548 GB

175 1574 323 1628 aequale
346 1575 410 1613 erit
434 1574 605 1627 quadrato
630 1588 673 1613 ex
691 1575 777 1621 ED,
802 1573 873 1612 hoc
897 1574 946 1612 est
970 1588 1013 1612 ex
1035 1575 1078 1613 C.
1125 1574 1364 1627 reciangulum
1389 1588 1506 1614 autem
1532 1578 1625 1625 AG,

174 1646 243 1684 (ΞΒ
267 1644 315 1681 est
334 1640 445 1694 ipsum
473 1644 553 1681 AH
577 1641 832 1695 reetangulum,
857 1642 938 1694 quia
964 1643 1043 1680 GH
1068 1640 1223 1694 aequalis
1246 1643 1293 1681 est
1318 1642 1382 1696 ipfi
1405 1645 1489 1682 GB.
1549 1659 1624 1684 rec-

173 1710 357 1765 tangulum
377 1710 481 1763 igitur
499 1712 580 1749 AH'
597 1709 743 1762 aequale
762 1710 810 1748 est
829 1709 913 1748 dato
933 1711 1104 1761 quadrato
1123 1724 1165 1749 ex
1183 1714 1274 1749 reeta
1286 1712 1328 1749 C.
1367 1712 1489 1764 Quare
1503 1713 1547 1751 ad
1563 1713 1623 1751 da-

175 1793 248 1820 tam
272 1781 403 1818 rectam
427 1776 554 1817 lineam
571 1779 640 1816 AB
661 1778 745 1816 dato
769 1777 943 1830 quadrato
963 1791 1006 1816 cx
1029 1781 1119 1817 ree‘ta
1142 1779 1186 1825 C,
1211 1777 1357 1831 aequale
1381 1779 1623 1832 reclangulum

170 1850 248 1889 AH
273 1845 485 1900 applicatum
503 1846 551 1884 est
575 1846 741 1884 deficiens
764 1846 943 1898 quadrato
963 1847 1053 1884 GK.
1103 1845 1218 1898 Qod
1238 1844 1353 1885 facere
1372 1847 1574 1899 oportebat.

246 1928 287 1954 2.
307 1914 366 1954 Ad
387 1914 505 1953 datam
529 1917 657 1953 restam
678 1913 808 1953 lineam
827 1913 913 1953 dato
937 1913 1112 1967 quadrato
1130 1913 1276 1967 aequale
1299 1914 1541 1969 ree'tangulum
1560 1930 1622 1970 ap-

172 1984 312 2038 plicare,
337 1982 508 2020 excedens
531 1982 713 2034 quadrato.

241 2052 292 2090 Sit
316 2050 394 2089 data
417 2053 509 2088 reeta
531 2048 625 2088 linea
644 2052 724 2097 AB,
760 2049 883 2088 datum
909 2062 1025 2089 autem
1050 2050 1262 2104 quadratum
1286 2046 1326 2091 fit
1349 2049 1436 2092 illud
1466 2053 1563 2106 quod
1598 2068 1619 2092 a

173 2122 250 2161 data
275 2122 366 2158 reeta
389 2119 420 2157 C
452 2116 661 2156 describitur.

240 2190 384 2229 Secctur
401 2187 471 2226 AB
490 2183 653 2226 bifariam
671 2185 708 2225 in
721 2187 770 2234 D,
792 2197 827 2225 et
845 2185 992 2227 ducatur
1009 2187 1076 2226 BE
1096 2185 1140 2226 ad
1158 2189 1269 2228 reuos
1288 2186 1434 2242 angulos
1453 2187 1515 2241 ipfi
1534 2189 1615 2236 AB,

1486 2255 1618 2309 fiatque

1767 187 1853 255 381
