2111 2755
261 220 364 276 4274

647 202 1042 254 EUCLIDIS
1088 202 1752 257 ELEMENTORUM

488 295 539 337 ses
562 276 630 337 el‘se
654 297 832 348 reciproce
854 291 1137 348 proportionales
1161 291 1414 343 altitudinibus,
1439 293 1483 334 sc.
1507 308 1547 336 ut
1564 288 1641 339 ΕΗ
1659 298 1748 340 basis
1767 299 1812 340 ad
1830 298 1943 341 basim

491 368 572 414 NP,
595 367 643 404 ita
662 361 731 419 effe
753 363 979 404 altitudinem
996 362 1096 403 solidi
1114 364 1188 402 CD
1208 363 1253 403 ad
1277 361 1376 402 solidi
1396 365 1465 404 AB
1490 362 1720 407 altitudinem.
1757 370 1945 422 Qioniam

493 436 589 474 enim
602 432 753 473 solidum
772 435 843 474 AB
857 431 972 472 solido
987 434 1058 472 CD
1073 432 1120 471 est
1135 431 1292 485 aequale,
1305 430 1420 471 solido
1433 445 1551 472 autem
1562 436 1632 474 AB
1647 436 1791 488 aequale
1804 439 1852 477 est
1865 437 1945 478 soli-

365 510 381 531 2
410 523 416 530 ·
432 506 479 529 2¹¹²
494 504 581 544 dum
594 503 664 542 BT
673 508 701 550 ἓ,
725 503 763 542 in
782 502 908 542 eadem
926 516 1084 555 namque
1102 499 1182 539 sunt
1200 500 1273 541 basi
1286 503 1369 549 FK,
1389 513 1423 541 et
1441 501 1567 541 eadem
1586 501 1785 551 altitudine3
1820 517 1854 545 et
1867 505 1945 546 soli-²

407 553 418 574 Ι
449 567 455 574 ’
494 574 581 613 dum
601 572 674 611 DC
693 573 741 611 est
760 570 908 625 aequale
926 569 1039 610 solido
1059 571 1134 609 DZ
1143 575 1171 618 g,
1198 571 1234 609 in
1261 570 1387 609 eadem
1412 571 1508 609 enim
1535 569 1649 610 rursus
1668 569 1746 611 sunt
1767 571 1839 612 bafi
1858 576 1946 624 XR,

493 654 528 682 et
546 640 673 681 cadem
697 639 880 680 altitudine
888 658 898 687 3
922 640 988 679 erit
1011 651 1046 679 et
1064 637 1214 677 solidum
1232 639 1303 678 BT
1322 637 1434 680 solido
1452 640 1527 678 DZ
1546 638 1703 693 aequale.
1749 640 1949 694 aequalium

494 722 615 750 autem
637 708 832 749 solidorum
858 706 1254 762 parallelepipedorum,
1290 721 1446 761 quorum
1481 707 1674 748 insistentes
1697 707 1838 748 bafibus
1861 709 1950 762 ipso—

493 794 576 819 rum
600 777 678 818 sunt
702 780 747 818 ad
772 782 886 818 reetos
911 776 1074 831 anguIOS,
1100 774 1196 815 bases
1219 775 1299 815 sunt
1321 777 1499 830 reciproce
1522 777 1808 830 proportionales
1832 777 1948 818 altitu—

495 847 648 894 dinibus,
675 860 716 888 ut
738 845 915 888 ostensum
940 844 1019 885 fuit.
1055 845 1104 885 est
1127 845 1230 898 igitur
1253 856 1293 884 ut
1316 844 1405 884 basis
1424 847 1494 885 FK
1518 845 1563 885 ad
1587 845 1697 886 basim
1716 847 1802 894 XR,
1826 847 1873 885 ita
1897 845 1951 885 so-

493 915 556 957 lidi
576 918 651 957 DZ
675 916 825 958 altitudo
849 916 894 956 ad
914 913 1135 955 altitudinem
1160 911 1259 953 solidi
1276 914 1358 952 BT.
1397 925 1503 968 atque
1526 915 1575 953 est
1599 912 1690 955 basis
1714 915 1858 969 quidem
1879 916 1949 955 FK

761 1019 807 1056 K
895 1014 932 1054 B

718 1070 828 1169 ff*

496 1529 570 1571 ''oafi
595 1531 672 1570 EH
697 1527 863 1581 aequalis,
887 1526 976 1567 basis
1000 1540 1084 1566 vero
1103 1529 1179 1566 XR
1198 1525 1351 1580 aequalis
1374 1525 1448 1565 basi
1467 1528 1547 1566 ΝΡ.
1584 1541 1691 1580 quare
1709 1540 1747 1567 ut
1765 1531 1841 1569 EH
1860 1530 1950 1570 bafis

497 1601 542 1641 ad
567 1598 683 1639 bafim
700 1598 779 1645 NP,
804 1598 852 1636 ita
876 1597 924 1635 est
949 1594 1099 1634 altitudo
1123 1593 1222 1634 solidi
1241 1597 1316 1635 DZ
1335 1595 1379 1634 ad
1398 1593 1496 1634 solidi
1514 1595 1586 1635 BT
1606 1594 1837 1637 altitudinem.
1873 1613 1951 1639 eac-

496 1670 582 1710 dem
606 1680 726 1707 autcm
750 1664 828 1705 sunt
852 1664 1055 1705 altitudines
1078 1663 1273 1704 solidorum
1299 1666 1386 1711 DZ,
1412 1666 1497 1710 DC,
1530 1675 1569 1702 ut
1592 1677 1626 1703 et
1649 1663 1840 1706 solidorum
1865 1669 1951 1716 BT,

495 1740 581 1779 BA.
637 1737 685 1775 est
708 1736 815 1790 igitur
839 1747 877 1774 ut
901 1736 976 1773 EH
1001 1732 1091 1772 bafis
1115 1733 1159 1773 ad
1184 1732 1296 1772 bafim
1322 1735 1399 1780 NP,
1435 1734 1482 1771 ita
1513 1731 1612 1772 solidi
1638 1735 1710 1773 DC
1734 1733 1883 1775 altitudo
1907 1736 1952 1776 ad

496 1805 719 1848 altitudinem
749 1802 850 1843 solidi
873 1805 952 1842 BA.
1010 1805 1110 1856 Ergo
1141 1800 1334 1841 solidorum
1365 1800 1746 1854 parallelepipedorum
1777 1806 1856 1853 AB,
1880 1806 1952 1844 CD

498 1874 595 1915 bases
619 1873 697 1914 sunt
720 1874 899 1927 reciproce
921 1870 1207 1925 proportionales
1231 1868 1481 1909 altitudinibus·

565 1942 709 1989 Rursus,
735 1940 928 1981 solidorum
952 1938 1328 1993 parallelepipedorum
1352 1940 1433 1985 AB,
1470 1939 1541 1977 CD
1567 1936 1662 1977 bases
1685 1938 1752 1978 [int
1776 1941 1952 1994 reciproce

495 2010 779 2067 proportionales
803 2008 1055 2057 altitudinibus,
1081 2008 1192 2061 sitque
1210 2020 1249 2047 ut
1268 2010 1344 2047 ΕΗ
1369 2006 1459 2046 bafis
1484 2006 1528 2046 ad
1553 2006 1666 2046 bafim
1686 2010 1763 2056 NP,
1787 2009 1834 2048 ita
1851 2008 1952 2049 solidi

497 2083 570 2122 CD
593 2080 741 2120 altitudo
765 2080 810 2120 ad
835 2078 1056 2120 altitudinem
1078 2075 1178 2117 solidi
1205 2079 1288 2117 AB.
1350 2076 1448 2115 Dico
1470 2074 1623 2116 solidum
1650 2078 1719 2115 AB
1743 2076 1855 2117 solido
1877 2080 1950 2117 CD

498 2148 643 2203 aequale
668 2148 746 2188 effe.
789 2148 918 2188 Iisdem
943 2162 1099 2201 namque
1122 2146 1339 2193 constructis,
1364 2146 1536 2198 quoniam
1560 2157 1597 2184 ut
1615 2146 1690 2184 EH
1712 2145 1799 2185 basis
1823 2146 1866 2184 ad
1887 2144 1949 2185 ba-

496 2218 563 2260 fim
587 2220 667 2266 NP,
693 2218 742 2258 ita
764 2216 866 2258 solidi
889 2219 961 2258 CD
980 2216 1128 2257 altitudo
1152 2216 1197 2257 ad
1223 2214 1446 2257 altitudinem
1468 2213 1570 2256 solidi
1588 2215 1655 2255 AB
1663 2231 1674 2262 3
1710 2225 1744 2254 et
1762 2212 1851 2254 basis
1870 2215 1947 2268 qui-

1866 2283 1949 2323 dem
