2111 2755
617 195 1153 245 NOTAE.

230 290 275 328 In
299 284 498 327 Corollario
522 286 626 340 hujus
649 286 913 339 Propofitionis,
939 286 1091 339 positum
1115 289 1163 327 est
1183 284 1391 341 descriptum
1409 286 1478 330 csse
1501 291 1537 331 in
1562 291 1612 332 al-

161 368 233 397 tera
257 354 400 409 sphaera
425 354 574 394 solidum
598 353 809 407 polyedmm
833 353 943 394 simile
967 355 998 394 ei
1031 355 1129 408 quod
1154 357 1190 395 in
1215 354 1358 408 sphaera
1383 359 1524 398 BCDE
1550 360 1610 400 de-

158 424 325 478 scriptum
349 422 431 465 fuit.
467 438 587 463 verim]
611 438 692 462 cum
717 424 928 463 constructio
951 437 1022 475 qua
1047 424 1083 462 in
1104 423 1209 463 altera
1228 422 1374 477 sphaera
1397 426 1609 479 polyedrum

157 492 303 533 describi
326 493 439 546 potest
462 506 537 531 non
569 491 695 530 tradita
725 491 777 539 fit,
813 491 913 530 satius
936 493 1134 544 putavimus
1158 507 1236 532 eam
1261 493 1440 542 exhibere,
1477 508 1512 535 ct
1547 497 1608 536 de-

157 563 353 602 monstrare
374 560 637 600 similitudinem
656 560 882 613 pyramidum
900 560 937 598 in
955 560 1025 599 hoc
1044 560 1232 613 polycdro,
1256 563 1500 615 pyramidibus
1519 564 1607 618 ejus-

158 631 242 670 dem
266 630 399 669 ordinis
422 630 460 668 in
483 628 658 682 polycdro
681 627 796 668 solido
814 629 850 667 in
869 626 1012 681 sphaera
1035 630 1190 668 BCDE.

227 701 287 738 Ex
317 696 605 752 praecedentibus
635 695 710 736 satis
734 696 844 750 liquet
867 711 976 749 quam
1002 696 1046 736 ab
1071 698 1236 750 imperitis
1260 699 1469 740 Editoribus
1492 702 1608 742 vitiata

156 779 192 807 et
215 766 374 806 mutilata
398 764 528 805 fuerint
552 764 712 804 Euclidis
735 765 1209 805 accuratiffimiGcometrae
1228 767 1431 808 Elementa.
1472 764 1611 823 Opinio

156 848 273 876 autem
292 849 397 888 quam
412 833 570 887 plerique
586 835 648 872 viri
666 834 759 873 docti
773 833 976 873 habuerunt
996 834 1040 873 de
1055 834 1226 874 Editione
1240 838 1382 876 Graeca
1401 852 1492 890 qnae
1511 853 1606 879 nunc

156 915 261 951 extat,
286 918 364 943 eam
389 901 515 942 scilicet
533 901 620 941 nihil
644 914 702 942 aut
724 917 849 955 pamm
868 902 1008 941 differre
1033 917 1053 941 a
1076 917 1159 941 vero
1183 903 1287 956 ipsius
1305 904 1463 945 Euclidis
1486 921 1606 959 opere,

155 986 216 1012 eos
239 971 312 1011 fine
337 970 449 1010 dubio
473 969 614 1018 fefellit,
638 969 823 1024 minusque
841 983 1020 1010 accuratos
1040 971 1076 1009 in
1094 971 1265 1011 Editione
1283 973 1350 1012 hac
1369 975 1607 1016 examinanda

154 1040 305 1080 reddidit
316 1057 325 1086 ;
362 1054 435 1092 quo
459 1037 592 1078 fastum
616 1039 664 1078 cst
689 1051 728 1078 ut
752 1053 772 1078 a
790 1039 956 1078 Theonis
975 1051 1134 1092 tempore
1151 1040 1331 1088 haetenus,
1351 1057 1483 1082 errores
1502 1040 1608 1096 quosl-

155 1108 251 1156 dam,
288 1106 363 1146 satis
393 1107 473 1146 licet
497 1105 624 1145 craffos
655 1122 731 1145 non
762 1106 1006 1159 perspexerint.
1053 1109 1199 1160 Sperare
1223 1109 1330 1162 igitur
1354 1108 1435 1150 licet
1458 1126 1607 1164 operam

155 1191 261 1230 quam
285 1176 322 1214 in
347 1174 475 1214 eisdem
498 1175 716 1228 corrigendis
741 1187 775 1214 et
800 1173 895 1214 libris
918 1174 1009 1215 hisce
1036 1174 1272 1217 emaculandis
1305 1177 1495 1230 posuimu5‚
1529 1194 1605 1220 non

153 1243 310 1285 futuram
341 1241 422 1283 fore
452 1244 628 1298 ingratam
660 1244 778 1297 aequis
815 1258 932 1283 rerum
963 1244 1251 1293 aestimatoribus,
1282 1247 1341 1299 qui
1368 1249 1602 1288 Demonstra-

154 1314 268 1353 tiones
292 1311 464 1365 legitimas
488 1311 533 1351 ab
557 1312 596 1351 iis
620 1326 711 1365 quae
733 1326 810 1351 non
833 1311 912 1352 sunt
935 1311 1127 1352 discernere
1151 1312 1278 1353 valent.

659 1879 1088 1920 ERRATA.

276 1982 341 2018 Bag.
359 1986 407 2015 14.
421 1977 492 2007 linea
506 1984 534 2017 ς.
546 1975 605 2016 post
618 1980 706 2013 ABC3
730 1979 809 2012 adde,
826 1986 854 2008 et
865 1979 1052 2017 producantur
1064 1980 1127 2014 AC,
1140 1981 1194 2010 AD
1207 1980 1241 2011 ad
1252 1982 1351 2020 punita
1370 1982 1404 2015 E,
1419 1983 1456 2018 1’3

280 2026 311 2052 P.
327 2030 398 2061 322.
411 2021 431 2051 l.
444 2021 494 2051 ult.
506 2021 578 2054 dele,
589 2020 738 2059 superficiei

280 2069 311 2095 P.
328 2065 437 2104 3241.
451 2065 732 2103 2.Duanus‚1ege,
749 2069 889 2095 Duonus

278 2112 309 2138 P.
322 2110 393 2148 348.
410 2109 430 2138 1.
443 2118 474 2145 4.
492 2119 506 2137 a
519 2109 581 2142 sine,¹
592 2110 775 2147 Apogogicas,
789 2110 861 2148 lege,
876 2109 1049 2148 Apagogicas

281 2153 398 2190 2408.
414 2152 434 2182 l.
449 2160 477 2191 3.
496 2154 611 2186 ECDN,
627 2152 699 2191 lege,
719 2155 832 2182 ECDM

1725 222 1817 270 411
