2111 2755
455 185 738 236 LIBER
797 185 1255 254 QUINTUS.
1712 187 1801 253 169

578 318 751 356 PROP.
788 320 829 357 F.
901 318 1140 358 THEOR.

130 401 459 504 RA-ronsss
495 417 550 448 ex
583 402 829 450 rationibus
865 403 981 451 inter
1020 404 1062 450 se
1097 403 1251 450 iisdem
1282 402 1567 467 compositae,

274 472 375 518 sunt
398 485 514 517 mter
543 470 586 516 se
610 472 804 517 eaedem

190 615 242 654 Sit
265 613 360 652 enim
380 623 417 650 ut
434 613 470 650 A
490 610 534 649 ad
558 612 600 657 Β,
633 611 680 649 ita
707 613 746 649 D
772 611 816 650 ad
844 613 896 657 E;
931 622 971 649 ut
998 625 1082 650 vcro
1107 614 1137 650 B
1165 614 1208 652 ad
1240 616 1282 661 C,
1313 615 1359 653 ita
1385 617 1419 653 E
1451 615 1495 654 ad
1520 618 1562 655 F.

119 682 187 721 erit
210 682 298 720 ratio
321 678 517 732 compofita
544 694 586 717 ex
610 678 804 717 rationibus
823 681 859 718 A
883 679 928 717 ad
950 681 991 726 Β,
1018 691 1052 718 et
1074 682 1104 717 B
1128 680 1172 718 ad
1198 683 1240 728 C,

119 749 191 788 hoc
211 749 269 794 est,
289 763 351 800 per
369 746 613 795 definitionem
633 747 773 785 rationis
791 746 1021 798 compositae,
1041 749 1129 786 ratio
1142 750 1178 786 A
1197 749 1241 787 ad
1325 753 1371 788 A.
1397 751 1438 788 B.
1463 752 1505 789 C.

119 819 161 863 C,
181 816 304 854 eadem
325 814 450 853 rationi
468 816 507 852 D
532 814 575 851 ad
595 815 637 860 F,
662 828 753 866 quae
771 813 814 853 sc.
835 814 1033 867 compofita
1051 816 1099 854 est
1123 830 1166 854 ex
1186 831 1240 855 ra—
1326 820 1376 855 D.
1396 820 1440 856 E.
1461 820 1504 856 F.

117 884 272 922 tionibus
291 885 330 921 D
349 882 394 921 ad
410 884 456 928 E,
485 894 519 920 et
542 884 575 920 E
595 881 638 920 ad
663 884 705 920 F.

182 952 368 1003 Qoniam
382 951 477 989 enim
500 962 567 989 tres
586 948 665 988 sunt
687 950 947 1003 magnitudines
970 953 1018 997 A,
1038 953 1079 998 Β,
1099 953 1130 990 C
1154 964 1188 991 et
1207 951 1293 991 aliae
1310 951 1389 1004 ipsis
1407 966 1559 992 numero

115 1018 276 1072 aequales
302 1022 354 1066 D,
381 1021 427 1065 E,
451 1020 482 1056 F
507 1033 598 1070 quae
622 1018 726 1056 binae
756 1016 909 1071 sumptae
940 1019 978 1057 in
1009 1019 1136 1058 eadem
1166 1019 1242 1059 sunt
1273 1021 1421 1068 ratione,
1454 1022 1520 1060 erit
1545 1027 1596 1052 ³²·
1616 1031 1664 1055 22·
1683 1034 1711 1064 5-

114 1101 158 1127 ex
181 1087 321 1140 aequali
343 1089 381 1126 A
406 1086 450 1124 ad
469 1087 512 1133 C,
537 1098 577 1125 ut
599 1089 639 1125 D
663 1086 707 1124 ad
730 1088 774 1125 F.

182 1153 315 1194 Rursus
338 1153 379 1193 fit
402 1166 441 1193 ut
462 1156 500 1193 A
524 1155 568 1194 ad
593 1156 634 1202 B,
658 1155 704 1192 ita
728 1156 763 1193 E
787 1154 831 1193 ad
855 1157 905 1202 F;
940 1166 980 1193 ut
1002 1169 1085 1194 vero
1109 1157 1139 1194 B
1164 1157 1207 1195 ad
1232 1158 1275 1204 C,
1300 1158 1348 1195 ita
1374 1160 1413 1196 D
1437 1158 1481 1196 ad
1504 1160 1557 1205 E3

114 1223 177 1261 erit
200 1223 304 1276 igitur
323 1237 366 1261 ex
390 1221 523 1275 aequali
546 1223 584 1262 in
602 1223 834 1276 proportione
852 1222 1054 1275 perturbata
1064 1219 1092 1271 b,
1124 1226 1162 1263 A
1182 1225 1227 1264 ad

114 1292 158 1337 C,
182 1302 220 1329 ut
243 1292 282 1328 D
307 1290 350 1328 ad
374 1292 417 1336 F,
442 1289 514 1328 hoc
537 1291 585 1328 est
607 1291 699 1329 ratio
720 1293 759 1329 A
778 1291 823 1329 ad
842 1293 884 1337 C,
906 1306 994 1343 quae
1011 1290 1054 1330 sc.
1076 1306 1224 1344 compo·
1318 1295 1367 1331 A.
1392 1295 1435 1330 Β.
1463 1295 1506 1331 C.

110 1357 173 1397 fita
198 1359 246 1397 est
269 1372 312 1396 ex
331 1356 523 1396 rationibus
544 1360 583 1396 A
604 1358 648 1396 ad
666 1360 707 1405 B,
727 1369 762 1396 et
779 1360 808 1396 B
828 1358 872 1396 ad
892 1360 934 1405 C,
954 1358 1081 1397 eadem
1105 1360 1153 1397 est
1171 1373 1224 1398 ra·
1324 1362 1374 1398 D.
1394 1362 1440 1398 E.
1462 1363 1503 1404 F,

111 1426 202 1464 tioni
227 1428 266 1464 D
291 1426 334 1464 ad
359 1428 402 1472 F,
426 1439 516 1478 quae
539 1425 735 1478 composita
759 1427 808 1465 est
831 1440 875 1465 ex
898 1425 1090 1465 rationibus
1116 1429 1154 1465 D
1180 1427 1225 1466 ad
1270 1384 1276 1447 i

111 1494 160 1540 E,
184 1504 218 1532 et
241 1495 275 1531 E
299 1494 343 1532 ad
368 1495 411 1531 F.
471 1505 505 1531 et
530 1482 684 1532 similiter
707 1493 734 1532 fi
759 1491 891 1533 fuerint
913 1493 1027 1547 plures
1051 1495 1204 1535 rationes
1226 1497 1263 1535 in
1287 1508 1438 1549 utroque
1461 1494 1551 1534 casu.
1597 1523 1601 1526 -

110 1560 282 1600 Rationes
306 1561 407 1614 igitur
431 1559 502 1599 &c.
562 1563 620 1611 Q
638 1563 683 1600 E.
710 1564 760 1600 D.

1569 1230 1597 1258 b.
1617 1235 1665 1266 23.
1682 1236 1709 1266 ς.

544 1673 712 1710 PROP.
750 1674 800 1711 G.
873 1672 1108 1712 THEOR.

112 1756 206 1858 SI
230 1756 421 1803 rationes
446 1758 666 1818 quaedam
693 1758 874 1803 eaedem
893 1756 977 1804 fint
1001 1758 1266 1821 quibusdam
1288 1759 1550 1818 rationibus,

218 1823 414 1888 fingulae
439 1823 640 1888 singulis,
675 1825 788 1871 ratio
814 1843 928 1887 quae
950 1825 1201 1888 ¹composita
1220 1826 1280 1873 est
1300 1844 1354 1873 ex
1374 1829 1552 1875 rationi-

105 1893 189 1939 bus
215 1910 328 1955 quae
360 1894 541 1939 eaedem
573 1894 674 1939 sunt
704 1893 951 1940 rationibus
984 1895 1217 1956 prioribus,
1250 1894 1444 1959 singulae
1468 1895 1548 1943 fin-

107 1959 240 2024 gulis,
265 1962 421 2006 eadem
447 1962 530 2006 erit
554 1961 715 2007 rationi
741 1979 855 2023 quae
880 1962 1126 2024 composita
1152 1963 1211 2009 est
1231 1980 1285 2009 ex
1304 1965 1548 2011 rationibus

108 2045 224 2091 quae
248 2030 431 2074 eaedem
455 2029 556 2074 sunt
580 2029 907 2090 posterioribus,
928 2029 1123 2095 singulae
1147 2030 1342 2095 singulis.

175 2170 226 2209 Sit
247 2181 287 2209 ut
308 2173 346 2210 A
367 2171 411 2211 ad
431 2173 471 2219 B,
496 2172 541 2210 ita
561 2173 594 2210 E
619 2171 664 2210 ad
687 2174 737 2219 F3
773 2184 810 2211 ut
828 2187 910 2212 vero
930 2175 962 2213 C
988 2173 1032 2213 ad
1058 2176 1108 2222 D,
1133 2175 1180 2213 ita
1203 2175 1242 2213 G
1268 2174 1311 2214 ad
1330 2176 1382 2214 H.
1439 2174 1549 2226 fitque

814 2243 852 2279 Y
1511 2253 1550 2279 ut
