2111 2755
373 195 660 246 LIBER
718 192 1309 249 UNDECIMUS.

1710 213 1803 265 271

125 287 324 343 composita
347 287 472 327 dicitur
491 282 507 310 <¹
532 301 576 326 ex
601 284 798 326 rationibus
823 300 842 325 a
867 285 910 325 ad
937 284 971 334 b,
998 285 1021 325 b
1046 287 1091 327 ad
1114 303 1145 336 c,
1169 300 1204 329 et
1221 304 1241 328 c
1266 289 1311 330 ad
1336 287 1371 337 d,
1396 303 1487 345 quae
1504 304 1582 331 eae·
1593 301 1794 343 ᾱ.Α.1)εῑ.ς.,

125 358 210 398 dem
234 355 322 405 sunt,
353 355 509 411 lingulae
542 354 704 410 fingulis,
733 353 929 394 rationibus
960 353 1110 396 laterum
1134 360 1226 398 MA
1252 358 1296 398 ad
1326 361 1405 407 ΑΡ,
1431 363 1511 401 NA
1536 361 1581 402 ad

66 432 77 434 ἡ
122 425 235 479 AQ,
270 439 306 466 et
332 428 412 465 OA
438 425 481 464 ad
502 427 586 464 AR.
629 423 736 464 latera
756 436 874 464 autem
893 426 970 473 ΑΡ,
989 424 1104 478 AQ,
1136 430 1225 476 AR,
1250 427 1409 482 aequalia
1433 428 1511 469 sunt
1529 429 1579 470 la-

123 495 253 534 teribus
272 497 357 542 DL,
379 497 470 539 DK,
491 492 742 548 DH‚vfingula
761 492 915 546 singulis.
964 496 1064 547 Ergo
1083 494 1234 536 solidum
1247 500 1314 537 AB
1333 496 1442 537 habet
1461 499 1504 537 ad
1525 497 1578 539 so-

125 562 239 602 lidum
257 566 331 604 CD
357 564 531 603 rationem
555 562 707 600 eandem
731 563 763 600 ei
787 575 879 614 quae
908 562 1103 613 composita
1130 567 1178 604 est
1202 581 1246 606 ex
1269 566 1466 607 rationibus
1491 565 1585 607 late--

125 646 204 672 rum
222 635 307 673 AM
331 633 375 671 ad
393 632 479 679 DL,
502 632 579 670 AN
604 629 649 668 ad
674 631 763 677 DK,
789 641 824 668 et
846 629 927 668 AO
951 629 996 668 ad
1020 633 1112 670 DH.
1164 633 1225 685 Q
1244 629 1290 673 E.
1317 638 1368 675 D,

505 742 671 779 PROP.
708 741 886 778 XXXIV.
961 741 1201 782 THEOR.

222 829 492 881 EQUALIUM
523 824 770 872 solidorum
803 826 1282 892 parallelepipedorum
1323 831 1444 879 bases
1477 833 1593 881 sunt*

261 896 487 959 reciproce
522 893 878 957 proportionales
918 897 1260 958 altitudinibus3
1301 917 1348 947 et
1383 919 1587 965 quorum.

121 966 366 1014 solidorum
392 963 826 1027 parallepipedorum
858 965 979 1013 bases
1011 968 1113 1015 sunt
1138 970 1365 1033 reciproce
1396 988 1583 1036 propor-

121 1036 310 1085 tionales
338 1033 670 1090 altitudinibus,
702 1050 753 1079 ea
783 1033 900 1081 inter
922 1035 966 1084 se
988 1036 1090 1086 sunt
1114 1039 1332 1103 aequalia.

191 1179 270 1218 Sint
287 1174 444 1231 aequalia
461 1174 570 1219 solida
593 1173 885 1230 parallelepipeda
897 1179 976 1226 AB,
990 1181 1082 1228 CD;
1118 1180 1200 1220 dico
1219 1179 1374 1234 ipsorum
1393 1181 1490 1222 bases
1509 1180 1579 1224 effe

121 1247 300 1299 reciproce
330 1243 615 1298 proportionales
647 1244 892 1285 altitudinibus
901 1264 911 1294 3
946 1247 1019 1287 hoc
1050 1250 1099 1288 est
1123 1262 1160 1288 ut
1180 1252 1257 1289 ΕΗ
1283 1250 1373 1290 basis
1397 1252 1441 1291 ad
1466 1251 1580 1292 basim

121 1318 201 1363 NP,
226 1315 273 1353 ita
297 1312 366 1352 effe
390 1311 613 1352 altitudinem
638 1311 738 1352 solidi
762 1315 834 1352 CD
853 1315 898 1353 ad
917 1315 1019 1356 solidi
1038 1319 1106 1357 AB
1132 1316 1369 1357 altitudinem.

187 1383 267 1424 Sint
291 1383 389 1421 enim
412 1381 569 1434 primum
595 1380 786 1420 insistentes
804 1384 896 1430 AG,
917 1385 997 1433 EF,
1023 1387 1099 1432 LB,
1122 1387 1202 1424 HK
1211 1403 1222 1433 3
1256 1389 1349 1434 CM,
1376 1389 1463 1434 NX,
1490 1388 1581 1436 OD,

118 1454 190 1493 PR
215 1452 260 1491 ad
286 1454 399 1491 reftos
422 1448 570 1503 angulos
597 1448 738 1489 basibus
763 1448 931 1502 ipsorum.
976 1454 1074 1493 Dico
1102 1465 1143 1493 ut
1171 1456 1249 1494 ΕΗ
1276 1454 1367 1494 basis
1396 1455 1441 1495 ad
1465 1455 1580 1496 balim

120 1524 199 1569 NP,
224 1521 272 1559 ita
291 1518 359 1558 effe
382 1520 462 1557 CM
481 1518 526 1556 ad
543 1519 633 1557 AG.
671 1517 698 1556 fi
716 1519 819 1571 igitur
838 1518 905 1558 ba·
976 1534 1032 1578 K
1129 1537 1167 1578 B
1273 1544 1324 1584 R
1420 1545 1463 1584 D

120 1589 163 1630 fis
189 1591 264 1628 EH
285 1587 358 1627 basi
382 1589 450 1625 NP
472 1586 514 1625 fit
537 1584 706 1639 aequaIIS,
730 1588 904 1638 quoniam
1047 1607 1105 1657 G.
1150 1603 1154 1619 π
1201 1604 1204 1605 ’
1511 1621 1563 1665 X

121 1670 157 1698 et
179 1659 250 1697 AB
273 1655 426 1695 solidum
444 1654 592 1708 aequale
615 1655 663 1694 est
687 1653 799 1693 solido
816 1657 902 1703 CD,
1283 1592 1289 1780 1
1336 1593 1343 1784 f
1449 1593 1454 1785 ἰ
1503 1651 1515 1835 Ι
1567 1675 1568 1678 ¹

122 1728 186 1768 erit
204 1737 238 1764 et
257 1727 335 1764 CM
361 1722 512 1776 aequalis
536 1723 598 1776 ipsi
619 1725 708 1763 AG.
763 1722 790 1761 fi
809 1724 905 1763 enim
939 1588 1267 1840 HOEP
1344 1778 1444 1783 ᾳ
1454 1743 1494 1808 9

120 1794 264 1835 basibus
277 1796 364 1840 EH,
376 1795 442 1831 NP
457 1791 666 1845 aequalibus
680 1791 905 1832 existentibus

121 1878 200 1904 non
219 1863 287 1902 fint
311 1864 401 1906 ΑΟ,
417 1863 495 1900 CM
514 1859 711 1900 altitudines
730 1860 904 1913 aequales,
1016 1839 1066 1878 'A'
1178 1841 1212 1874 E
1318 1843 1362 1890 C
1469 1841 1516 1885 N

120 1947 239 1985 neque
260 1932 329 1970 AB
348 1930 498 1969 solidum
520 1928 632 1969 solido
644 1932 717 1969 CD
731 1930 877 1983 aequale
892 1930 966 1969 erit.
1006 1929 1152 1982 ponitur
1170 1940 1290 1968 autem
1304 1928 1460 1983 aequale.
1499 1943 1576 1969 non

121 2002 224 2055 igitur
259 1997 450 2052 inaequalis
487 1999 535 2037 est
570 1997 720 2039 altitudo
745 2002 826 2039 CM
861 1998 1035 2038 altitudini
1063 2000 1143 2037 AG
1153 2016 1162 2044 3
1198 1999 1303 2051 igitur
1328 2000 1376 2038 est
1400 1997 1577 2052 aequalis3

118 2084 158 2110 ac
184 2081 370 2122 propterea
394 2079 432 2107 ut
458 2069 534 2107 EH
561 2067 653 2107 basis
680 2068 725 2107 ad
752 2067 864 2107 basim
891 2069 969 2114 NP,
1008 2068 1057 2105 ita
1081 2068 1145 2106 erit
1172 2069 1251 2107 CM
1279 2067 1322 2106 ad
1348 2069 1438 2108 AG.

195 2141 249 2178 At
280 2153 364 2178 vcro
393 2152 470 2176 non
495 2136 536 2175 fit
560 2136 650 2176 basls
680 2139 756 2175 ΕΗ
790 2136 944 2190 aequalis
976 2134 1051 2175 bafi
1084 2138 1162 2183 NP,
1196 2134 1253 2175 sed
1281 2138 1357 2176 ΕΗ
1381 2136 1422 2176 fit
1448 2137 1575 2189 major.

122 2209 172 2250 est
194 2221 313 2249 autem
339 2209 410 2248 AB
441 2205 592 2246 solidum
622 2203 738 2246 solido
763 2207 835 2246 CD
860 2204 1004 2261 aequale
1012 2222 1022 2255 5
1058 2219 1145 2260 ergo
1175 2206 1294 2261 major
1325 2207 1373 2246 cst
1398 2207 1477 2245 CM
1503 2204 1579 2255 ipsa

1485 2273 1582 2320 AG}
