2111 2755
464 213 750 261 LIBER
807 210 1320 262 SECUNDUS.
1768 214 1825 265 61

169 323 260 351 terea
282 307 386 362 ipsius
403 310 479 349 AG
499 307 704 360 quadrupla.
763 304 940 345 ostensum
964 318 1083 345 autem
1107 307 1166 353 est,
1189 318 1224 345 et
1247 317 1399 359 quatuor
1422 306 1504 353 CK,
1528 307 1610 355 BN,

169 380 259 423 GR,
280 379 354 416 RN
377 376 570 429 quadrupla
588 373 656 415 esse
674 374 777 428 ipsius
797 376 878 414 CK.
915 378 996 413 osto
1015 375 1118 428 igitur
1137 389 1228 426 quae
1245 374 1430 414 continent
1454 389 1610 427 gnomo-

168 461 253 486 nem
271 446 386 485 AOH
412 444 514 497 Ipsius
537 446 612 483 ΑΚ
637 441 830 496 quadrupla
854 440 943 480 sunt.
980 454 1015 481 et
1028 442 1197 495 quoniam
1211 444 1287 481 ΑΚ
1300 444 1348 481 est
1362 443 1458 496 quod
1471 442 1516 481 ab
1529 445 1609 491 AB,

166 516 230 554 BC
254 513 468 558 continetur,
492 512 623 550 etenim
645 512 715 548 ΒΚ
734 511 782 547 est
805 508 958 560 aequalis
982 512 1062 555 BC;
1097 510 1161 548 erit
1184 521 1392 549 contentum
1417 523 1541 564 quater
1563 511 1610 551 ab

166 584 248 627 AB,
270 582 334 619 BC
358 579 459 632 ipsius
482 581 556 617 AK
576 575 826 630 quadruplam.
887 587 922 613 at
945 574 1098 614 ostensus
1122 578 1170 614 est
1193 592 1356 628 gnomon
1380 581 1499 618 AOH
1523 594 1609 632 qua-

169 647 309 701 druplus
333 646 434 699 ipfius
457 648 551 691 AK;
587 645 683 697 quod
707 645 811 697 igitur
834 654 960 695 quater
984 642 1028 681 ab
1051 645 1132 688 AB,
1158 645 1221 682 BC
1244 646 1443 685 continetur
1467 646 1611 700 aequale

168 718 216 756 est
234 715 409 769 gnomoni
427 715 555 752 AOH.
603 725 798 750 commune
822 722 1022 762 apponatur
1040 712 1128 757 XH,
1154 710 1253 763 quod
1278 711 1424 764 aequale
1449 715 1496 752 est
1522 730 1610 767 qua-

168 784 271 823 drato
289 796 332 821 ex
353 776 467 827 ACd;
503 781 566 819 erit
589 777 829 833 reetangulum
861 778 960 830 quod
985 790 1108 832 quater
1139 778 1184 817 ab
1214 781 1294 826 AB,
1321 782 1383 818 BC
1407 783 1609 823 continetur
1623 786 1814 826 d.Cor.4.'2‚

167 866 238 892 una
254 865 336 889 cum
359 849 532 902 quadrato
551 862 594 888 ex
610 850 680 887 AC
700 845 846 899 aequale
864 846 925 899 ipfi
938 848 1057 886 AOH
1076 847 1264 900 gnomoni,
1283 859 1318 885 et
1335 848 1509 900 quadrato
1522 853 1610 891 XH.

166 918 223 959 sed
242 920 360 958 AOH
384 932 546 970 gnomon
572 928 607 955 et
624 918 700 954 XH
721 926 836 954 totum
854 913 933 953 sunt
951 917 1097 954 AEFD
1121 915 1347 967 quadratum,
1372 916 1469 969 quod
1493 919 1542 957 est
1566 934 1610 959 ex

164 989 255 1028 AD.
291 984 534 1038 reetangulum
553 985 655 1038 igitur
674 994 798 1036 quater
820 981 865 1021 ab
893 985 976 1030 AB,
999 984 1061 1021 BC
1085 994 1294 1021 contentum
1321 999 1391 1023 una
1415 1001 1495 1024 cum
1521 1001 1609 1039 qua-

165 1055 268 1094 drato
291 1068 334 1093 ex
357 1055 426 1093 AC
444 1051 589 1106 aequale
611 1053 659 1090 est
683 1052 714 1090 ei
738 1050 835 1103 quod
859 1066 903 1093 ex
925 1053 1015 1097 AD,
1034 1051 1107 1089 hoc
1130 1051 1178 1089 est
1201 1065 1244 1089 ex
1261 1053 1339 1098 AB,
1358 1053 1419 1091 BC
1438 1064 1610 1106 tanquam

167 1137 212 1162 ex
234 1136 304 1161 una
327 1125 419 1160 reeta
442 1120 543 1168 linea,
568 1119 768 1160 describitur
792 1118 976 1171 quadrato.
1041 1118 1067 1157 fi
1102 1119 1205 1173 igitur
1239 1122 1332 1158 reeta
1366 1118 1457 1160 linea
1481 1133 1608 1162 utcun-

168 1205 236 1244 que
260 1190 331 1228 ἃς.
386 1190 506 1241 QE
526 1191 575 1227 D.

583 1299 753 1337 PROP.
791 1299 856 1336 IX.
928 1298 1164 1337 THEOR.

172 1387 265 1488 SI
285 1387 399 1432 reeta
421 1383 537 1430 linea
560 1383 607 1430 in
632 1398 778 1446 partes
799 1383 1016 1446 aequaleS,
1044 1398 1090 1430 et
1114 1383 1160 1429 in
1185 1398 1330 1446 partes
1356 1384 1609 1448 inaequales

279 1454 388 1499 seeta
418 1451 578 1508 fuerit3
617 1453 834 1514 quadrata
865 1468 920 1498 ex
950 1451 1258 1514 inaequalibus
1296 1453 1437 1500 totius
1473 1454 1608 1515 parti-

164 1522 267 1576 bus,
294 1520 430 1582 dupla
453 1521 555 1566 sunt
579 1535 625 1566 et
651 1519 858 1582 quadrati
883 1536 937 1567 ex
957 1520 1154 1574 dimidia,
1177 1536 1223 1568 et.
1243 1521 1450 1584 quadrati
1477 1537 1532 1568 ex
1555 1521 1606 1569 ea

168 1606 282 1652 quae
311 1588 427 1635 inter
458 1587 665 1634 seetiones
698 1587 980 1654 interjicitur.

235 1733 349 1769 Retia
372 1730 466 1769 enim
491 1728 581 1769 linea
605 1729 743 1781 quaevis
761 1731 830 1768 AB
848 1727 935 1768 seeta
958 1728 1001 1767 fit
1022 1729 1059 1767 in
1076 1740 1193 1782 partes
1211 1731 1357 1784 quidem
1381 1730 1543 1784 aequales
1562 1732 1608 1771 ad

167 1801 211 1847 C,
242 1801 278 1837 in
309 1809 422 1850 partes
447 1811 530 1835 vero
553 1795 751 1849 inaequales
776 1796 820 1835 ad
845 1799 895 1835 D.
952 1796 1033 1834 dico

163 1866 332 1920 quadrata
350 1880 393 1905 ex
411 1867 498 1913 AD,
518 1867 586 1904 DB
610 1865 864 1917 quadratorum
884 1879 927 1904 ex
948 1865 1034 1912 AC,
1310 1835 1352 1880 Ε

168 1937 241 1975 CD
265 1933 368 1987 dupla
393 1932 472 1972 effe.
1455 1953 1496 1997 F

236 2005 396 2041 Dueatur
420 2001 514 2039 enim
540 2015 559 2039 a
583 2004 713 2052 punfto
736 2003 767 2040 C
798 2000 860 2054 ipfi
888 2003 956 2040 AB
990 2001 1035 2040 ad

167 2074 279 2112 redtos
317 2067 463 2122 angulos
486 2070 586 2114 CE',
623 2080 658 2106 et
693 2067 848 2108 alterutri
884 2068 1035 2122 ipsarum
1562 2097 1564 2099 »

167 2141 246 2185 AC,
259 2139 320 2176 CB
335 2136 486 2190 aequalis
504 2148 664 2189 ponatur,
676 2138 935 2190 jungamurque
949 2140 1033 2185 EA,
1092 2107 1145 2155 A
1319 2111 1363 2159 C
1413 2110 1464 2158 D
1520 2107 1561 2157 B

165 2209 254 2254 EB;
288 2220 328 2246 ac
352 2220 413 2260 per
438 2207 477 2244 D
501 2205 646 2259 quidem
675 2205 738 2258 ipfi
759 2208 828 2245 CE
851 2205 1016 2260 parallela
1040 2207 1185 2251 ducatur
1209 2206 1226 2234 b
1248 2212 1332 2259 DF,
1363 2223 1436 2264 ‘per
1458 2212 1489 2248 F
1521 2223 1603 2248 vero
1617 2221 1644 2251 b.
1660 2228 1710 2260 31.
1727 2228 1755 2251 ι,

1543 2277 1605 2330 ipsi

1618 2087 1705 2110 a.11.
1723 2088 1748 2110 1,
