2111 2755
0 110 2 115 ’
0 0 20 93 “fta

0 235 14 247 -.
0 127 19 197 «ιτς

401 192 683 242 LIBER
741 190 1405 241 DUODEC'IMUS.

161 284 260 323 nium
286 296 376 336 quae
400 282 444 320 acl
464 282 609 335 planum
634 280 720 320 illud
745 295 764 319 a
788 292 911 319 centro
935 278 1098 332 sphaerae
1128 279 1206 318 duci
1236 278 1390 333 possunt.
1455 276 1607 320 Planum

160 352 263 405 igitur
286 351 420 391 KBOS
445 350 536 389 eadit
560 362 655 388 extra
679 349 857 388 minorem
880 346 1072 400 sphaeram.

227 418 380 471 Reliqua
415 419 518 457 etiam
556 416 658 470 plana
693 417 783 455 inter
817 415 1028 467 quadrantes
1063 417 1141 462 ΒΧ,
1177 417 1250 454 ΚΧ
1291 427 1386 456 extra
1423 417 1601 458 minorem

156 488 337 542 sphaeram
363 486 486 525 cadere
511 487 557 524 ita
581 485 794 523 ostendetur.
832 486 995 523 Ducatur
1015 498 1033 522 a
1057 488 1189 536 puncto
1211 487 1248 523 A
1275 485 1319 523 ad
1342 483 1488 537 planum
1514 500 1602 538 qua-

157 555 307 597 dril::t‹·ri
331 555 466 593 SOPT
489 551 784 606 perpendicularis
812 553 882 597 AI,
908 562 942 589 et
966 553 1023 589 ΙΟ
1045 553 1221 604 jungatur.
1289 565 1334 600 et,
1360 565 1398 591 ut
1424 554 1469 592 de
1493 553 1602 605 plano

155 625 291 665 KBOS
315 635 350 662 et
372 625 504 675 puncto
529 621 564 659 Z
588 619 760 659 ostensum
786 616 864 666 fuit,
888 619 1017 657 codem
1036 619 1149 657 modo
1167 620 1369 659 ostendetur
1392 625 1560 673 punctum
1581 624 1599 661 I

153 705 313 733 centrum
337 689 405 730 effe
427 688 546 729 circuli
570 689 662 727 circa
685 685 958 740 quadrilaterum
976 687 1110 725 SOPT
1135 685 1304 739 descripti,
1326 699 1361 726 et
1383 692 1512 727 rectam
1536 691 1598 729 OS

152 762 326 815 majorem
348 756 416 797 esse
439 758 533 795 reeta
557 756 637 803 PT,
661 766 695 794 et
718 753 851 793 ostensa
875 755 923 793 est
942 755 1013 793 PT
1033 753 1194 807 parallela
1212 754 1275 807 ipfi
1295 757 1368 794 OS.
1408 756 1599 808 Quoniam

150 828 255 883 igitur
279 825 431 880 trapezia
453 825 600 870 KBOS,
625 823 759 862 SOPT
783 821 917 862 circulis
939 821 1109 876 inscripta,
1140 822 1273 862 habent
1297 822 1400 863 latera
1425 827 1505 872 ΒΚ,
1534 828 1597 866 OS

151 893 332 951 parallela,
360 905 401 932 ut
427 904 461 932 et
492 894 566 938 OS,
595 892 665 930 PT
681 909 691 938 ;
726 890 858 944 reliqua
883 902 1000 929 autem
1031 892 1115 937 ΒΟ,
1146 892 1222 938 KS,
1252 892 1327 938 ΟΡ,
1362 894 1425 931 ST
1452 894 1541 932 inter
1566 892 1598 932 se

150 962 308 1018 aequalia
316 980 325 1010 3
361 974 397 1001 et
418 961 467 1001 est
489 960 578 1000 latus
597 961 666 998 ΒΚ
689 961 804 1013 majus
823 958 930 998 latere
951 961 1025 1005 OS,
1052 971 1086 998 et
1112 960 1174 997 OS
1198 961 1312 1013 majus
1331 959 1404 1013 ipso
1424 962 1508 1009 PT,
1535 963 1599 1001 erit

1737 211 1829 263 333

149 1037 242 1073 resta
265 1033 330 1070 ZB
354 1030 470 1084 major
495 1033 586 1069 reeta
615 1030 711 1068 IOO.
760 1031 938 1081 Jungatur
961 1029 1036 1067 AO
1060 1042 1152 1081 quae
1171 1027 1322 1081 aequalis
1346 1029 1412 1067 erit
1434 1029 1497 1082 ipsi
1516 1032 1595 1079 AB,
1610 1049 1638 1069 ο.
1654 1042 1817 1081 2.Lemma‚j

149 1113 184 1141 et
202 1100 371 1153 quoniam
396 1098 478 1137 recti
496 1096 575 1136 sunt
599 1096 717 1151 anguli
730 1098 838 1142 AIO,
858 1098 976 1142 AZB,
998 1108 1102 1135 erunt
1121 1097 1288 1149 quadrata
1307 1111 1349 1136 cx
1362 1099 1429 1144 AI,
1455 1100 1514 1138 IO
1540 1114 1598 1139 ae-

151 1167 266 1223 qualia
284 1167 461 1221 quadrato
484 1180 527 1205 cx
539 1167 615 1205 AO
634 1165 702 1204 five
719 1167 799 1212 AB,
817 1165 888 1204 hoe
907 1166 955 1204 est
974 1166 1150 1218 quadratis
1168 1180 1211 1204 ex
1227 1165 1315 1213 AZ,
1334 1167 1420 1214 ZB;
1456 1179 1489 1206 et
1508 1182 1596 1222 qua-

149 1238 290 1277 dratum
314 1250 358 1275 ex
378 1236 443 1273 ΖΒ
462 1235 574 1288 majus
598 1235 645 1273 est
669 1234 841 1286 quadrato
867 1248 910 1272 ex
934 1235 1002 1281 IO,
1027 1233 1204 1285 reliquum
1224 1235 1328 1288 igitur
1352 1249 1395 1274 cx
1412 1237 1485 1275 AZ
1511 1251 1595 1289 qua-

151 1307 292 1345 dratum
318 1304 490 1356 quadrato
509 1317 553 1340 ex
570 1305 624 1341 AI
645 1303 693 1342 est
705 1303 835 1341 minus.
896 1306 989 1340 reeta
1008 1302 1111 1355 igitur
1134 1303 1209 1340 AZ
1228 1302 1348 1341 minor
1366 1303 1415 1341 est
1437 1302 1506 1355 ipsa
1524 1306 1594 1343 AI.

149 1371 282 1414 ostensa
317 1384 435 1411 autem
471 1371 520 1409 est
544 1371 617 1410 AZ
653 1371 768 1423 major
789 1384 898 1422 quam
923 1372 1013 1416 AG,
1051 1368 1165 1408 multo
1187 1370 1293 1423 igitur
1321 1371 1381 1409 AI
1407 1371 1521 1425 major
1546 1372 1595 1411 est

149 1445 240 1482 reeta
257 1442 346 1480 AG.
407 1442 508 1493 Ergo
532 1438 679 1491 planum
699 1439 835 1478 SOPT
861 1438 953 1476 cadit
977 1449 1074 1477 extra
1099 1438 1276 1476 minorem
1300 1436 1494 1490 sphaeram.
1538 1454 1596 1478 ea-

151 1510 234 1549 dem
258 1509 392 1548 ratione
417 1506 565 1559 planum
593 1508 740 1545 TPRY
764 1518 860 1544 extra
889 1505 1040 1545 eandem
1064 1503 1247 1557 sphaeram
1277 1505 1403 1546 cadere
1432 1507 1596 1546 ostende-

151 1589 224 1625 tur3
259 1589 298 1615 ut
322 1588 355 1615 et
381 1574 526 1628 planum
550 1573 710 1628 trianguli
734 1575 857 1620 YRX,
883 1588 951 1626 ope
976 1571 1019 1612 sc.
1047 1572 1239 1613 Corollarii
1257 1575 1451 1614 Lemmatis
1475 1588 1515 1613 2.
1558 1587 1594 1615 et

149 1643 305 1686 similiter
329 1643 460 1696 reliqua
484 1644 604 1681 onmia
634 1642 738 1695 plana
765 1642 892 1696 quibus
915 1642 1114 1681 continetur
1131 1639 1282 1682 solidum
1301 1642 1513 1695 polyedrum
1533 1659 1592 1683 ex-

147 1726 200 1753 tra
234 1713 411 1752 minorem
448 1710 627 1764 sphaeram
666 1712 791 1749 cadere
825 1710 1064 1749 ostendentur.
1121 1710 1274 1749 Duabus
1310 1712 1414 1763 igitur
1438 1711 1592 1764 sphaeris

145 1783 239 1822 circa
261 1781 356 1820 idem
382 1792 540 1819 centrum
569 1779 791 1818 existentibus
821 1780 856 1817 in
884 1779 1011 1833 majori
1035 1777 1185 1817 solidum
1209 1778 1420 1831 polyedrum
1442 1779 1591 1834 descrip-

149 1862 223 1889 tum
243 1850 291 1888 est
315 1849 411 1902 cujus
435 1847 630 1900 superficies
654 1849 830 1886 minorem
855 1846 1037 1901 sphaeram
1062 1861 1136 1885 non
1162 1848 1311 1900 attingit.
1363 1847 1423 1899 Q
1442 1851 1487 1886 E.
1515 1852 1566 1888 D.

215 1916 330 1957 Aliter
354 1928 470 1955 autem
496 1927 530 1954 et
562 1916 697 1955 brevius
726 1915 800 1954 fine
831 1929 900 1968 ope
923 1918 1029 1967 Prop.
1065 1928 1078 1953 1
1096 1918 1134 1953 O,
1172 1915 1372 1954 ostendetur
1395 1921 1485 1955 reeta
1513 1918 1591 1956 AZ

146 1987 260 2041 major
282 1986 356 2038 ipssa
382 1986 471 2023 AG.
522 1986 683 2022 Ducatur
706 1999 727 2023 a
749 1987 883 2038 punc'lo
904 1985 941 2022 G
966 1982 1027 2035 ipsi
1046 1985 1122 2022 AG
1142 1984 1187 2022 ad
1210 1988 1320 2022 rectos
1344 1984 1493 2038 angulos
1514 1987 1589 2024 GU

146 2067 181 2095 et
208 2055 284 2094 AU
303 2054 479 2107 jungatur.
528 2052 645 2105 itaque
669 2051 987 2091 circumferentiam
1011 2053 1077 2089 ΒΕ
1103 2049 1265 2090 bifariam
1290 2051 1452 2099 secatum,
1479 2066 1514 2092 et
1538 2054 1589 2094 di-

146 2123 296 2163 midium
321 2120 424 2173 ipsius
449 2117 622 2166 bifariam,
653 2133 759 2173 atque
777 2120 848 2158 hoc
873 2119 1009 2173 semper
1035 2117 1212 2167 facientes,
1247 2121 1392 2159 tandem
1416 2121 1589 2174 relinque-

145 2205 225 2232 mus
246 2189 427 2246 quandam
450 2186 770 2230 circumferentiam
793 2189 971 2230 minorem
996 2187 1274 2229 circumferentia
1305 2189 1424 2230 circuli
1447 2191 1588 2229 BCDE

1501 2271 1591 2309 quae
