2111 2755
657 177 1189 226 NOTAE.

174 273 291 314 denda
316 270 408 317 sunt,
434 271 555 312 similia
581 271 712 311 debent
737 270 805 311 effe
827 283 862 311 et
885 270 1057 324 aequalia5
1093 282 1130 310 ut
1154 269 1342 322 aequalitas
1366 268 1558 311 solidorum
1583 287 1628 313 ex

172 346 278 395 Prop.
298 344 341 382 C.
368 341 450 380 Lib.
481 354 493 380 1
516 355 550 380 1.
576 339 759 379 inferatur.
796 352 830 379 et
854 339 996 392 quidem
1023 340 1059 378 in
1084 340 1254 378 Editione
1280 338 1478 378 oxoniensi
1498 340 1627 381 Corol-

172 410 299 451 larium
324 410 501 463 adjeftum
526 409 574 448 est
597 411 701 460 Prop.
735 411 852 459 24t³⁰‚
889 408 1077 446 ostendens
1108 405 1453 460 parallelogramma,
1481 408 1525 447 de
1549 410 1627 462 qui-

172 479 238 519 bus
263 479 374 532 agitur
398 478 436 516 in
460 477 527 516 hac
554 475 815 529 Propofitione,
838 474 962 514 similia
986 475 1066 522 esse,
1097 488 1135 514 ut
1158 474 1353 514 solidorum
1379 475 1565 529 aequalitas
1589 479 1626 518 in

169 550 275 601 Prop.
308 558 374 594 25.
400 560 444 584 ex
463 543 552 584 Def.
580 558 593 583 1
612 558 651 582 0.
683 543 766 582 Lib.
800 557 813 582 1
836 557 870 581 1.
897 544 1112 584 ostendatur.

458 657 628 695 PROP.
665 656 785 702 XXV,
822 666 857 693 et
894 655 1033 693 XXVI.
1105 655 1216 693 LIB.
1254 656 1320 693 XI.

240 750 283 788 In
307 747 553 800 Propositione
585 749 665 794 25‘2
689 747 823 799 figurae
846 744 975 784 solidae
999 759 1090 797 quae
1113 747 1341 785 continentur
1364 744 1479 799 planis
1503 746 1621 788 fimili-

168 817 243 864 bus,
277 814 504 855 multitudine
529 827 563 853 et
586 815 829 868 magnitudine
856 813 1073 867 aequalibus,
1106 814 1198 854 inter
1228 813 1261 852 se
1286 814 1450 867 aequales
1474 831 1619 869 ponun-

166 897 231 925 tur.
269 896 303 922 et
327 883 465 923 videtur
490 881 690 922 Theonem
714 895 776 922 aut
798 881 909 922 alium
934 882 1114 935 quendam
1135 894 1174 921 ut
1194 883 1348 921 taedium
1368 884 1538 937 effugeret
1558 885 1618 925 de-

164 952 382 993 monstrandi
407 952 535 1006 figuras
560 950 604 990 de
628 950 756 1004 quibus
781 952 897 1004 agitur
919 952 956 990 in
987 950 1054 989 hac
1078 951 1328 1003 Propositione
1351 951 1513 1005 aequales
1536 951 1616 1002 esse,

163 1021 426 1061 Definitionem
452 1020 627 1059 decimam
650 1020 755 1073 hujus
779 1019 878 1058 Libri
903 1017 1053 1073 posuisse
1076 1020 1148 1059 viee
1167 1019 1475 1059 demonstrationis
1483 1039 1494 1069 5
1518 1022 1617 1074 quod

163 1088 309 1143 quidem
333 1088 450 1128 inscite
474 1088 671 1127 admodum
694 1086 827 1127 fa6mm
852 1089 911 1127 est.

230 1156 407 1204 Similiter,
438 1157 475 1195 in
499 1156 744 1209 Propositione
778 1156 870 1194 26ta
901 1156 975 1195 duo
1000 1155 1121 1209 anguli
1146 1153 1244 1195 solidi
1269 1155 1431 1209 aequales
1456 1154 1525 1197 esse
1548 1171 1615 1209 po-

158 1237 305 1272 nuntur,
329 1225 355 1264 fi
379 1237 524 1277 uterque
547 1225 770 1263 contineatur
794 1224 902 1263 tribus
927 1223 1064 1278 angulis
1088 1223 1198 1276 planis
1217 1225 1288 1277 qui,
1313 1224 1441 1278 singuli
1460 1225 1615 1279 singulis,

159 1294 250 1333 inter
269 1291 301 1332 se
324 1292 404 1332 sunt
426 1291 599 1345 aequales.
637 1304 672 1331 et
695 1291 771 1332 satis
795 1294 925 1332 mirum
946 1293 994 1332 est
1012 1291 1163 1339 nullum,
1183 1304 1355 1344 quantum
1375 1292 1456 1340 scio,
1477 1309 1521 1332 ex
1539 1296 1616 1334 Eu·

159 1360 257 1401 clidis
280 1360 526 1413 interpretibus
558 1359 675 1399 vidiffe
706 1361 838 1414 aliquid
870 1360 1006 1399 duabus
1036 1359 1128 1399 hisce
1152 1360 1462 1413 Propositionibus
1487 1361 1612 1402 deeffe.

157 1428 296 1470 Clavius
320 1429 465 1482 quidem
490 1428 534 1467 ad
559 1426 646 1467 Def.
682 1442 694 1468 1
716 1442 750 1467 1.
778 1428 882 1482 hujus
906 1427 1007 1467 Libri
1027 1427 1152 1475 asserit,
1179 1427 1434 1480 “perspicuum
1459 1428 1528 1469 esse
1552 1445 1614 1470 an—

160 1503 183 1521 “
206 1496 307 1552 gulos
338 1496 477 1544 solidos,
504 1496 564 1549 qui
589 1495 725 1549 angulis
747 1495 861 1549 planis
884 1495 1110 1535 multitudine
1134 1508 1169 1535 ct
1193 1497 1436 1549 magnitudine
1459 1498 1614 1551 aequali-

159 1572 180 1589 “
207 1566 272 1605 bus
290 1566 518 1604 continentur
536 1564 599 1603 fibi
623 1576 749 1603 mutuo
767 1562 932 1616 aequales
951 1562 1029 1611 esse,
1055 1579 1137 1602 nam
1157 1577 1355 1617 congruent
1373 1564 1399 1604 fi
1417 1564 1485 1605 sese
1504 1581 1613 1620 pene-

160 1639 184 1657 “
208 1647 297 1674 trare
320 1632 603 1687 intelligantur3''
643 1631 699 1671 fed
719 1633 788 1672 hoc
808 1632 881 1671 fine
900 1630 971 1670 ulla
991 1634 1126 1671 ratione
1149 1631 1315 1678 asseritur,
1343 1648 1459 1687 neque
1478 1634 1613 1688 semper

157 1717 276 1742 verum
296 1703 343 1741 est
362 1714 459 1740 extra
479 1699 597 1740 casum
622 1701 657 1740 in
677 1715 753 1754 quo
777 1699 896 1754 anguli
921 1698 1021 1739 solidi
1046 1700 1155 1739 tribus
1176 1713 1314 1740 tantum
1335 1701 1475 1754 angulis
1499 1702 1613 1756 planis

156 1771 383 1810 continentur
402 1783 555 1822 quorum
576 1768 701 1822 singuli
720 1768 863 1823 singulis
886 1767 964 1807 sunt
983 1768 1157 1821 aequales.
1213 1782 1248 1808 et
1270 1771 1306 1808 in
1326 1769 1398 1809 hoc
1420 1770 1498 1810 casu
1516 1772 1611 1812 idem

157 1840 205 1878 est
229 1853 270 1878 ac
293 1837 438 1877 asserere
458 1838 531 1877 duo
552 1837 727 1891 triangula
746 1836 922 1890 sphaerica
940 1837 1030 1876 inter
1048 1836 1081 1876 se
1101 1837 1321 1890 aequilatera,
1344 1836 1412 1877 esse
1432 1840 1537 1880 etiam
1558 1842 1610 1880 in-

154 1919 205 1946 ter
228 1905 261 1945 se
280 1905 530 1959 aequiangula,v
545 1918 580 1944 et
604 1905 667 1945 fibi
690 1918 819 1944 mutuo
842 1919 1039 1958 congruere
1047 1923 1056 1952 ;
1093 1906 1192 1959 quod
1216 1906 1289 1945 sine
1309 1906 1611 1948 demonstratione

154 1975 304 2015 concedi
327 1975 475 2013 minime
499 1973 616 2013 debet.
678 1976 783 2014 Certe
807 1972 974 2014 Euclides
999 1974 1069 2013 hoc
1088 1989 1164 2013 non
1188 1973 1367 2027 assumpsit
1386 1976 1429 2014 de
1454 1977 1610 2030 triangu-

154 2042 194 2083 lis
218 2042 419 2090 reffilincis3
456 2043 608 2082 ostendit
631 2043 727 2081 enim
746 2044 784 2082 in
802 2041 1049 2095 Propofitione
1077 2043 1152 2090 8⁸¹⁸,
1178 2042 1260 2082 Lib.
1296 2056 1331 2082 1.
1359 2043 1530 2098 triangula
1554 2046 1609 2085 in-

155 2124 206 2151 ter
226 2110 259 2150 se
279 2110 497 2165 aequilatera,
522 2109 590 2150 effe
613 2112 702 2150 inter
721 2110 753 2150 se
778 2110 1023 2164 aequiangula‚
1052 2111 1146 2150 unde
1170 2110 1325 2164 ipsorum
1350 2112 1540 2166 aequalitas
1566 2128 1610 2153 ex-

152 2181 259 2234 Prop.
298 2193 358 2240 4⁶
395 2178 550 2234 ejusdem
580 2179 680 2220 Libri
711 2180 898 2221 manifesta
930 2180 988 2219 est.
1048 2192 1082 2220 et
1100 2180 1303 2229 Menelaus,
1336 2182 1371 2220 in
1401 2184 1507 2234 Prop.
1538 2187 1608 2233 4*¹,

1453 2249 1535 2290 Lib.
1570 2263 1611 2290 1,

1759 196 1859 250 399·
