2111 2755
457 188 744 238 LIBER
806 187 1282 254 QUARTUS.
1718 211 1803 241 11‘·

1783 234 1804 261 3>

138 281 268 325 circulo
288 283 391 322 ABC
416 292 532 334 aptata
549 282 598 320 est
615 282 678 320 BC
697 285 808 322 1·e&ae
832 281 944 321 lineae
962 284 1001 321 D
1026 281 1189 336 aequalis·
1238 282 1291 321 fin
1316 282 1445 330 minus,
1470 282 1586 336 major

137 353 186 391 est
208 353 269 391 BC
293 364 403 403 quam
429 351 479 396 D,
504 361 730 402 ponaturque
754 349 815 403 ipfi
835 352 874 389 D
891 350 1044 402 aequalis
1063 352 1130 390 CE
1141 356 1165 398 ³,
1184 362 1218 389 et
1235 363 1358 390 centro
1376 351 1522 405 quidem
1540 353 1583 401 C,
1599 375 1625 394 a.
1638 373 1666 404 3.
1683 373 1708 394 x,

136 417 328 458 intervallo
348 430 463 457 autem
486 418 553 456 CE
578 417 724 456 circulus
748 417 959 458 describatur
975 421 1096 467 AEF,
1121 430 1155 457 et
1173 420 1241 458 CA
1260 420 1438 473 jungatur.
1476 419 1585 473 Qo-

135 488 232 526 niam
254 488 357 541 igitur
380 489 550 538 punfkum
573 487 605 524 C
629 498 792 524 centrum
816 487 864 524 est
886 488 993 525 AEF
1012 485 1145 533 circuli,
1170 487 1237 525 erit
1260 489 1335 527 CA
1360 487 1424 541 ipfi
1441 490 1509 530 CE
1528 503 1586 528 ae-

134 553 244 608 qualis
252 573 262 602 3
297 553 355 593 sed
379 555 418 592 D
442 553 490 591 est
514 551 665 603 aequalis
689 554 769 599 CE,
803 567 889 605 ergo
912 564 947 591 et
971 555 1010 591 D
1033 554 1097 606 ipfi
1119 556 1190 593 CA
1224 554 1376 608 aequalis
1406 557 1480 596 erit.
1541 559 1585 596 In

135 623 219 663 dato
243 623 346 676 igitur
368 617 500 660 circulo
522 621 624 659 ABC
649 619 754 659 datae
777 623 891 659 reetae
917 618 1030 659 lineae
1048 623 1099 669 D,
1123 635 1199 661 non
1217 624 1344 676 majori
1367 622 1488 664 circuli
1512 625 1584 665 dia-

133 702 261 738 metro,
286 687 441 743 aequalis
466 699 584 740 aptata
608 689 656 726 est
684 683 773 727 AC(
825 689 883 740 Q
900 689 945 726 E.
972 690 1014 727 F.

595 847 764 885 PROP.
803 848 852 885 11.
926 819 1097 887 p‘Ross.
1144 902 1148 904 .

132 957 224 1060 IN
257 955 365 1002 dato
396 951 579 1009 circu10‚
611 950 837 1018 triangulo
868 953 977 1002 dato
1001 952 1352 1019 aequiangulum
1384 956 1582 1022 triangu-

209 1023 307 1071 lum
329 1021 576 1069 inscribere.

199 1167 252 1207 Sit
284 1165 385 1205 datus
411 1161 557 1204 circulus
584 1163 700 1211 ABC,
732 1163 854 1203 datum
886 1176 1003 1206 autem
1034 1163 1249 1218 triangulum
1273 1168 1404 1214 DEF;
1439 1179 1584 1221 oportet

130 1236 169 1275 in
191 1236 292 1275 ABC
315 1231 445 1273 circulo
468 1229 654 1271 inscribere
678 1231 892 1286 triangulum
917 1232 1089 1288 triangulo
1114 1236 1222 1274 DEF
1244 1234 1533 1289 aequiangulum.

199 1305 361 1341 Ducatur
384 1304 476 1339 refta
499 1298 593 1338 linea
617 1301 735 1339 GAH
760 1302 970 1355 contingens
996 1301 1169 1341 circulum
1194 1307 1209 1325 ³
1235 1304 1340 1342 ABC
1375 1303 1412 1342 in
1447 1307 1580 1357 punfto
1593 1316 1620 1337 a·
1637 1315 1685 1344 17·
1700 1314 1729 1344 3³

130 1374 179 1419 A,
204 1382 239 1409 et
261 1369 307 1408 ad
330 1371 462 1408 reRam
486 1365 618 1406 lineam
634 1369 725 1415 AH,
744 1379 780 1406 et
802 1368 847 1407 ad
864 1373 1038 1423 punfmm
1056 1370 1092 1409 in
1112 1385 1153 1409 ea
1170 1372 1219 1417 A,
1243 1368 1377 1424 angulo
1396 1373 1505 1411 DEF
1524 1386 1581 1411 ae-

126 1437 241 1492 qualis
263 1435 412 1491 angulus
434 1436 663 1475 constituatur
681 1431 699 1458 b
716 1437 828 1476 HAC
840 1455 851 1485 ;
887 1439 932 1478 ad
956 1442 1086 1478 reftam
1109 1452 1193 1478 vero
1219 1440 1312 1486 AG,
1343 1450 1378 1478 et
1401 1439 1446 1480 ad
1468 1455 1580 1494 punc·
1593 1444 1621 1474 b·
1644 1452 1693 1484 23·
1708 1451 1735 1472 12

128 1519 206 1547 tum
229 1507 266 1545 in
291 1519 331 1543 ea
350 1507 398 1551 A,
420 1502 553 1557 angulo
571 1506 679 1543 DFE
698 1518 827 1558 aequa-

130 1574 172 1615 lis
195 1573 424 1613 constituatur
448 1570 597 1625 angulus
627 1573 764 1620 GAB,
795 1584 830 1612 et

127 1644 191 1682 BC
211 1642 390 1695 jungatur.
429 1639 617 1694 Qoniam
641 1639 746 1692 igitur
765 1641 829 1678 cir-

127 1709 250 1750 culum
277 1710 380 1748 ABC
409 1707 589 1760 contingit
613 1711 707 1745 redut
736 1705 829 1745 linea
884 1736 922 1780 Ε
990 1733 994 1735 -

127 1779 260 1824 HAG,
301 1791 321 1815 a
357 1779 450 1815 tastu
486 1786 604 1813 autem
640 1774 742 1813 duRa
777 1775 825 1813 est

126 1848 208 1895 AC,
244 1845 308 1884 erit
337 1845 454 1883 HAC
493 1840 641 1896 angulus
669 1840 823 1895 aequalis

126 1912 260 1968 angulo
273 1913 311 1951 in
324 1910 463 1950 alterno
476 1909 595 1951 circuli
608 1909 790 1964 segmento
797 1916 822 1958 Ε,
1589 1930 1614 1951 0.
1630 1929 1679 1961 32.
1695 1931 1723 1962 3.

124 1981 285 2021 videlicet
307 1979 371 2032 ipsi
394 1981 506 2019 ABC.
562 1977 619 2017 sed
643 1980 755 2019 HAC
780 1976 933 2032 aequalis
957 1978 1006 2017 est
1028 1976 1091 2031 ipfi
1115 1979 1236 2024 DEF,
1261 1993 1347 2033 ergo
1370 1991 1405 2019 et
1429 1977 1577 2035 angulus

124 2051 223 2091 ABC
247 2047 310 2101 ipfi
336 2049 441 2086 DEF
467 2048 515 2086 est
539 2046 704 2099 aequalis.
766 2047 893 2086 eadem
917 2046 1052 2084 ratione
1076 2057 1111 2084 et
1137 2047 1239 2085 ACB
1263 2047 1312 2085 est
1336 2047 1488 2101 aequalis
1511 2064 1574 2088 an-

126 2117 210 2172 gulo
228 2117 355 2161 DFE;
392 2114 543 2168 reliquus
567 2115 670 2168 igitur
695 2116 807 2154 BAC
836 2113 972 2167 reliquo
1002 2116 1127 2153 EDF
1153 2113 1284 2167 angulo
1307 2117 1356 2155 est
1381 2116 1534 2169 aequalis
1544 2112 1570 2156 d·
1585 2120 1614 2149 d·
1634 2127 1725 2160 32-1»

125 2200 212 2241 ergo
235 2182 446 2239 triangulum
470 2184 574 2223 ABC
600 2181 775 2238 triangulo
798 2184 905 2222 DEF
929 2183 978 2223 est
1000 2181 1288 2237 aequiangulum,
1315 2196 1350 2224 et
1373 2184 1574 2237 inscriptum

832 2253 860 2290 P
1525 2253 1574 2291 est
