2111 2755
416 200 698 248 LIBER
760 197 1349 249 UNDECIMUS.
1710 203 1808 274 ‘245

139 286 283 342 angulus
307 289 419 334 ABL,
446 298 480 326 et
504 288 566 326 uni
590 287 737 340 ipsarum
761 289 841 335 AB,
872 289 946 335 BC,
979 290 1066 335 DE,
1098 290 1176 335 EF,
1211 289 1302 335 GH,
1327 287 1407 326 HK
1431 297 1585 339 ponatur

137 355 289 409 aequalis
312 356 390 402 BL,
410 368 444 394 ct
462 358 545 402 AL,
565 358 630 395 LC
644 357 852 410 jungantur.
889 357 1073 408 Qoniam
1092 357 1196 410 igitur
1214 356 1302 395 duae
1320 357 1400 401 AB,
1413 355 1477 394 BL
1496 355 1583 395 dua·-

134 425 199 464 bus
223 427 314 471 GH,
338 426 418 463 HK
442 423 603 477 aequales
625 423 715 471 sunt,
751 423 858 463 altera
883 423 989 471 alteri,
1026 436 1061 464 et
1097 423 1244 478 angulos
1280 422 1442 477 aequales
1464 425 1580 463 conti-

131 505 230 540 nent,
254 494 317 532 erit
341 491 429 531 bafis
457 495 530 531 AL
555 492 626 531 bass
651 495 729 531 GK
753 491 939 544 aequalis³.
1000 504 1035 531 et
1057 494 1228 545 quoniam
1252 490 1369 546 anguli
1391 491 1437 530 ad
1459 494 1505 540 E,
1524 495 1576 541 H,
1590 503 1615 524 a.
1630 502 1662 531 4·
1683 504 1709 526 ¹·
1777 530 1780 532 .

131 561 262 615 angulo
289 562 390 600 ABC
425 561 574 614 majores
608 559 698 607 sunt,
734 574 891 612 quorum
927 559 1073 612 angulus
1097 563 1217 599 GHK
1252 562 1300 599 est
1335 559 1489 614 aequalis
1513 561 1578 614 ipfi

131 632 252 676 ABL;
287 630 352 667 erit
373 627 524 681 reliquus
547 629 609 681 qui
633 628 677 667 ad
701 630 747 675 E,
771 626 904 680 angulo
927 629 1022 666 LBC
1046 628 1170 680 major.
1231 639 1266 667 et
1291 630 1461 680 quoniam
1485 629 1578 669 duae

130 699 206 745 LB,
230 699 291 737 BC
311 695 448 735 duabus
474 698 561 741 DE,
586 698 653 734 EF
675 694 836 747 aequales
860 694 949 740 sunt,
976 694 1083 734 altera
1108 693 1216 743 alteri,
1241 707 1276 734 et
1300 695 1448 748 angulus
1467 699 1578 737 DEF

128 764 261 819 angulo
278 767 376 803 LBC
394 763 520 815 major,
545 761 632 800 basis
650 764 723 800 DF
742 762 815 800 bafi
833 764 902 801 LC
926 763 1043 815 major
1066 759 1166 801 critd.
1229 762 1362 803 ostensa
1387 775 1504 803 autem
1528 766 1576 804 est
1587 775 1616 804 d.
1633 783 1682 813 24.
1699 784 1725 807 1.

129 835 206 871 GK
230 830 381 884 aequalis
399 832 470 869 AL
479 847 488 876 ;
525 845 611 883 ergo
630 832 712 878 DF,
733 832 822 877 GK,
842 830 919 883 ipfis
937 832 1020 876 AL,
1037 832 1102 869 LC
1122 829 1199 870 sunt
1217 833 1379 885 majores.
1417 831 1475 871 sed
1493 835 1576 882 AL,

128 902 195 940 LC
218 901 369 954 majores
393 897 470 937 sunt
491 897 561 950 ipsa
581 900 691 945 AC&
727 898 844 937 multo
875 900 978 952 igitur
1003 901 1085 946 DF,
1119 902 1210 947 GK,
1241 899 1311 953 ipsa
1329 902 1401 940 AC
1424 902 1576 954 majores
1588 918 1614 939 e.
1628 917 1677 940 20.
1692 918 1719 942 ι,

126 967 216 1008 sunt.
282 969 403 1020 Qare
426 970 599 1005 reelarum
623 966 794 1006 linearum
822 968 904 1014 AC,
935 969 1018 1012 DF,
1052 968 1131 1006 GK
1155 968 1245 1006 duae
1268 968 1403 1022 reliqu-3.
1427 970 1578 1023 majores

127 1035 217 1085 sunt,
242 1035 575 1090 quomodocunque
597 1034 755 1088 sumptae
762 1052 773 1081 ς
808 1050 847 1074 ac
870 1047 1054 1088 propterea
1080 1036 1153 1074 fieri
1172 1037 1286 1089 potest
1300 1032 1365 1076 sut
1385 1051 1428 1078 ex
1447 1051 1577 1093 aequa·
1588 1043 1611 1074 f.
1630 1052 1679 1076 22.
1703 1053 1729 1075 1.

128 1104 221 1145 libus
238 1105 318 1158 ipsls
339 1106 423 1152 AC,
442 1105 525 1152 DF,
544 1105 623 1143 GK
643 1102 861 1158 triangulum
879 1105 1119 1143 constituatur.
1151 1105 1266 1157 QE.
1283 1107 1335 1145 D,

529 1218 696 1257 PROP.
733 1218 876 1256 XXIII.
948 1217 1118 1255 PROB.

128 1301 275 1405 EX
315 1300 459 1347 tribus
486 1301 602 1348 datis
627 1302 803 1366 angulis
838 1302 1002 1364 planis,
1042 1318 1237 1364 quorum
1273 1303 1366 1348 duo
1401 1303 1578 1367 reliquo

258 1369 360 1416 sunt
383 1369 588 1435 majores,
616 1372 1030 1434 quomodocunque
1064 1369 1247 1432 sumpti,
1281 1370 1476 1418 solidum
1501 1390 1576 1420 an-

123 1438 285 1503 gulum
310 1437 588 1486 constituere.
649 1454 831 1503 oportet
860 1455 1015 1488 autem
1047 1453 1134 1488 tres
1167 1439 1355 1504 angulos
1381 1455 1578 1503 quatuor

126 1507 252 1555 reffls
278 1506 362 1554 effe
385 1507 594 1556 minores.

195 1649 276 1689 Sint
306 1648 376 1688 dati
409 1661 478 1689 tres
508 1648 627 1704 anguli
657 1649 752 1704 plani
778 1652 892 1699 ABC,
930 1652 1049 1699 DEF,
1079 1653 1211 1700 GHK,
1243 1666 1399 1706 quorum
1425 1651 1499 1694 duo
1522 1664 1577 1692 re-

180 1730 188 1739 .
444 1733 481 1775 B
1036 1728 1041 1732 -
1180 1748 1224 1788 H

321 1781 909 2138 A}
1062 1814 1576 2033 ΛΞ

299 2029 621 2079 AC
1029 2034 1386 2085 GK

124 2195 222 2250 liquo
240 2192 319 2235 sunt
341 2193 507 2247 majores,
533 2194 864 2251 quomodocunque
885 2195 1024 2252 sumpti,
1045 2195 1184 2254 smtque
1204 2208 1272 2240 tres
1289 2197 1408 2255 anguli
1427 2209 1580 2254 quatuox

1480 2268 1582 2307 restis
