2111 2755
516 194 800 245 LIBER
857 189 1298 243 TERTIUS.

183 293 350 336 bebunte.
391 291 548 347 aequalis
571 292 675 346 igitur
698 291 746 332 est
767 292 839 331 AF
858 288 921 343 ipfi
939 291 1011 329 FB.
1073 288 1101 330 fi
1123 289 1228 344 igitur
1249 288 1287 328 in
1311 285 1443 327 circulo
1466 290 1559 328 reeta
1585 286 1626 330 li-
1642 305 1668 326 e.
1684 294 1777 327 26.1.

182 379 250 404 nea
273 363 345 403 &a
394 364 516 416 QE.
542 363 592 400 D.

618 470 786 510 PROR
823 471 890 509 IV.
961 469 1195 509 THEOR.

182 561 278 665 SI
302 560 348 607 in
367 557 534 605 circulo
558 557 673 603 duae
696 556 836 601 rectae
859 553 1002 600 lineae
1020 571 1112 600 non
1137 555 1294 600 ductae
1318 570 1396 615 per
1419 568 1626 603 centrum

291 630 333 676 se
356 627 546 674 invicem
570 626 733 681 secent,
757 624 842 670 sese
868 622 1076 670 bifariam
1100 638 1194 668 non
1216 621 1442 669 secabunt.

245 772 297 811 Sit
319 767 464 809 circulus
491 767 646 814 ABCD,
673 778 707 805 et
729 766 766 804 in
791 764 865 818 ipso
889 764 980 803 duae
1003 767 1116 803 reftae
1140 762 1255 803 lineae
1282 765 1366 810 AC,
1390 764 1460 802 BD
1484 762 1517 802 se
1540 765 1626 804 invi-

175 855 256 882 cem
280 837 394 878 secent
418 837 455 875 in
478 840 610 890 puncto
631 839 678 883 Ε,
701 848 779 874 non
803 833 924 873 ductae
947 847 1009 887 per
1032 844 1205 873 centrum.
1262 831 1343 872 dico
1366 846 1423 871 eas
1446 831 1513 871 sese
1537 831 1627 872 bifa-

176 909 266 948 riam
289 922 364 946 non
389 904 512 944 secare.

250 978 287 1016 Si
311 975 407 1014 enim
432 974 507 1013 fieri
530 973 654 1026 potest,
677 970 793 1011 secent
816 968 882 1010 sese
899 967 1076 1018 bifariam,
1094 970 1142 1009 ita
1159 981 1198 1008 ut
1216 971 1288 1009 ΑΕ
1307 969 1348 1008 fit
1371 966 1528 1022 aequalis
1548 969 1627 1017 EC,

177 1056 212 1085 et
233 1046 302 1084 BE
325 1043 389 1096 ipsi
409 1044 495 1081 ED.
533 1041 558 1080 fi
578 1042 681 1095 igitur
698 1054 770 1078 una
789 1043 961 1078 rectarum
979 1053 1041 1091 per
1065 1049 1227 1077 centrum
1246 1036 1378 1085 transit,
1402 1036 1627 1076 manifestum

179 1113 228 1152 est
250 1127 330 1151 eam
347 1125 423 1150 non
440 1108 539 1165 posse
558 1108 721 1149 bifariam
741 1106 844 1147 secari
863 1107 907 1147 ab
928 1105 1035 1147 altera
1055 1121 1147 1159 quae

178 1195 256 1221 non
279 1179 401 1220 transit
414 1193 476 1232 per
494 1190 669 1218 centrum.
707 1176 734 1216 fi
751 1190 835 1215 vero
856 1187 982 1215 neutra
997 1173 1147 1227 ipsarum

178 1395 234 1425 tur
258 1388 350 1424 reeta
376 1382 468 1422 linea
487 1383 554 1421 FE
573 1395 635 1434 per
654 1392 815 1419 centrum
834 1379 937 1418 dueta
954 1381 1087 1418 rectam
1105 1376 1146 1416 li-
1219 1406 1255 1449 Β

177 1468 285 1493 neam
313 1453 384 1492 AC
414 1465 490 1490 non
521 1451 662 1489 ductam
692 1463 755 1502 per
785 1459 950 1488 centrum
979 1444 1146 1486 bifariam

176 1263 242 1304 per
259 1259 423 1304 centrum
437 1246 569 1293 transit,
585 1245 736 1285 sumatur
749 1257 912 1284 centrum
925 1245 1068 1284 ABCD
1081 1244 1147 1282 cir·
1577 1252 1618 1294 D

178 1316 246 1356 culi
256 1322 281 1363 a,
306 1328 341 1355 et
365 1314 407 1354 sit
430 1317 473 1361 F,
497 1325 532 1353 et
555 1315 622 1352 EF
643 1314 823 1366 jungatur.
873 1312 1059 1366 Qoniam
1081 1311 1146 1363 igi·
1178 1280 1571 1473 A&
1640 1340 1753 1371 a.1.3.

179 1519 281 1568 secat,
311 1532 346 1559 et
374 1519 419 1558 ad
444 1522 555 1558 rectos
577 1516 724 1572 angulos
746 1515 854 1570 ipsam
877 1511 1054 1562 secabitb3
1090 1528 1201 1568 quare
1223 1519 1334 1554 rectus
1357 1516 1406 1554 est
1430 1516 1538 1554 FEA
1564 1528 1626 1553 an-
1641 1530 1669 1560 b.
1684 1539 1712 1570 3,
1726 1537 1753 1569 3,

183 1588 299 1644 gulus.
337 1586 451 1627 rursus
475 1588 645 1639 quoniam
670 1572 872 1625 reeta-linea
892 1587 959 1624 FE
982 1587 1113 1624 restam
1136 1582 1266 1623 lineam
1289 1586 1359 1622 BD
1382 1598 1458 1622 non
1483 1583 1626 1622 ductam

179 1672 243 1712 per
265 1668 425 1696 centrum
449 1653 613 1694 bifariam
636 1652 737 1700 secat,
761 1665 795 1692 et
818 1653 863 1691 ad
882 1651 1030 1706 angulos
1052 1654 1165 1691 renos
1187 1651 1297 1705 ipsam
1321 1648 1473 1690 secabitb
1481 1669 1491 1697 3
1515 1655 1625 1690 rectus

180 1726 283 1780 igitur
307 1723 454 1778 angulus
477 1724 525 1762 est
549 1725 657 1761 FEB.
694 1719 848 1760 ostensus
871 1732 989 1760 autem
1007 1720 1055 1759 est
1074 1721 1185 1758 reftus
1203 1731 1238 1758 et
1255 1721 1377 1766 FEA;
1413 1733 1501 1773 ergo
1518 1721 1549 1758 F
1553 1721 1626 1758 EA

182 1793 331 1847 angulus
354 1791 416 1845 ipsi
440 1793 537 1831 FEB
562 1788 714 1844 aequalis
736 1790 811 1836 erit,
842 1790 962 1828 minor
991 1787 1129 1842 majorI,
1161 1788 1260 1841 quod
1292 1788 1367 1827 fieri
1398 1802 1474 1827 non
1498 1788 1621 1840 potest.

181 1877 257 1902 non
292 1862 398 1915 igitur
432 1861 515 1908 AC,
547 1862 618 1899 BD
647 1857 713 1897 sese
743 1855 910 1897 bifariam
939 1856 1065 1897 secant.
1125 1854 1152 1895 fi
1187 1857 1292 1912 igitur
1321 1858 1358 1897 in
1387 1855 1520 1897 circulo
1550 1855 1622 1895 &c.

182 1931 307 1983 QE.
328 1932 378 1969 D.

627 2019 795 2058 PROP.
831 2019 879 2057 v.
951 2017 1186 2056 THEOR.

190 2130 283 2233 SI
307 2127 399 2173 duo
423 2125 578 2173 circuli
600 2125 641 2172 se
665 2123 856 2172 invicem
879 2123 1042 2181 secent,
1061 2140 1153 2170 non
1177 2122 1262 2170 erit
1282 2121 1479 2186 ipsorum
1503 2121 1624 2167 idem

298 2210 517 2244 CCsstl'Um.

839 2269 877 2306 K
917 2279 940 2305 2
1529 2255 1632 2303 *Duo

1792 208 1855 257 75
