2111 2755
238 200 331 270 362

914 191 1453 241 NOTAE.

456 294 506 335 vis
528 291 633 347 ipsius
651 290 738 335 ΑΕ,
765 298 800 327 et
824 287 891 325 ΕΒ
915 299 1029 339 aeque
1052 283 1278 338 multipliceS‚
1303 298 1391 339 puta
1410 284 1540 338 duplae
1559 288 1722 342 ipsarum,
1743 303 1782 332 ut
1800 293 1837 332 in
1856 292 1924 334 hac

457 362 630 404 Editione
654 355 791 397 factum
816 355 876 402 est,
912 356 950 395 in
975 369 1043 409 qua
1068 369 1194 394 omnes
1218 353 1313 394 casus
1338 354 1440 396 simul
1468 355 1696 398 demonstrati
1728 360 1817 401 sunt.
1881 377 1925 402 ex

458 432 513 472 his
537 440 656 469 autem
682 425 792 479 liquet
816 425 1013 464 Theonem
1045 436 1106 464 aut
1138 423 1248 464 alium
1283 439 1361 466 non
1397 423 1475 465 satis
1500 428 1734 468 Geometriae
1769 430 1924 483 peritum

462 497 752 554 Propofitionem
775 495 870 536 hanc
894 492 1038 534 vitiasse.

919 608 1091 648 PROP.
1129 607 1198 647 IX.
1269 609 1381 648 LIB.
1417 609 1466 647 V.

534 704 656 758 Hujus
678 700 939 755 Propofitionis
971 700 1315 741 demonstrationem
1339 699 1500 740 dedimus
1523 701 1636 756 magis
1660 699 1860 756 explicitam
1886 704 1929 743 e&

466 789 561 829 quae
584 775 622 813 in
646 771 847 812 Elementis
870 770 1045 810 haetenus
1070 769 1232 810 habetur.

937 884 1109 922 PROP.
1147 883 1195 921 X.
1255 883 1366 921 LIB.
1406 880 1456 921 V.

537 977 661 1020 Aliam
677 977 781 1032 hujus
797 976 1140 1016 demonstrationem
1159 974 1297 1014 tradere
1315 971 1550 1014 necessarium
1568 973 1648 1024 fuit,
1668 990 1709 1016 ea
1728 977 1826 1017 enim
1845 993 1937 1032 quae

467 1050 507 1090 in
531 1046 764 1089 Editionibus
789 1045 938 1086 Graecis
962 1057 997 1084 et
1027 1045 1179 1092 Latinis,
1216 1043 1359 1099 aliisque
1389 1044 1545 1085 habetur
1575 1044 1735 1100 legitima
1766 1062 1843 1087 non
1875 1049 1935 1088 est.

466 1116 575 1158 verba
593 1117 690 1157 enim
716 1116 844 1169 major,
876 1115 995 1155 eadem
1021 1114 1090 1156 five
1109 1113 1278 1168 aequalis,
1307 1115 1422 1153 minor
1442 1114 1487 1154 de
1505 1115 1811 1169 magnitudinibus
1830 1129 1865 1156 et
1884 1131 1937 1157 ra-

468 1185 628 1228 tionibus
659 1184 796 1226 diverso
827 1184 966 1239 prorsus
998 1182 1097 1225 sensu
1121 1184 1301 1232 dicuntur,
1338 1195 1380 1224 ut
1402 1198 1447 1224 ex
1471 1184 1682 1225 definitione
1705 1188 1762 1235 5ῖῑί
1785 1197 1820 1225 et
1842 1182 1939 1237 7tima

469 1256 577 1311 hujus
601 1255 703 1296 Libri
727 1267 835 1309 patet.
896 1270 969 1309 ope
1004 1255 1112 1309 igitur
1147 1254 1280 1294 harum
1315 1255 1558 1294 examinemus
1595 1255 1939 1296 demonstrationem

468 1325 728 1378 Propositionis
753 1325 924 1371 decimae,
951 1339 1043 1377 quae
1067 1325 1114 1363 ita
1138 1324 1311 1376 procedit.
1361 1322 1546 1363 “Habeat
1569 1325 1666 1362 enim
1685 1326 1723 1363 A
1743 1325 1788 1364 ad
1808 1327 1839 1364 C
1864 1339 1940 1365 ma—

471 1399 494 1417 “
514 1395 635 1448 jorem
658 1395 846 1440 rationem,
878 1408 987 1446 quam
1013 1395 1043 1431 B
1068 1393 1112 1432 ad
1136 1395 1180 1432 C.
1236 1393 1319 1432 dico
1342 1395 1380 1432 A
1404 1407 1513 1446 quam
1537 1394 1567 1432 B
1591 1393 1765 1446 majorem
1792 1392 1872 1433 esse.
1916 1394 1943 1434 s1

472 1467 494 1486 “
519 1463 618 1502 enim
642 1477 719 1505 non
744 1462 792 1500 est
816 1462 942 1515 major,
967 1460 1022 1500 vel
1047 1460 1203 1514 aequalis
1226 1461 1275 1501 est
1293 1460 1348 1500 vel
1365 1462 1495 1500 minor.
1548 1460 1700 1514 aequalis
1725 1474 1846 1502 autem
1866 1477 1943 1503 non

471 1536 497 1555 “
523 1531 571 1571 est
595 1532 632 1570 A
656 1529 722 1584 ipfi
746 1532 789 1578 B,
814 1542 966 1583 utraque
990 1530 1088 1568 enim
1111 1528 1263 1582 ipsarum
1287 1532 1337 1578 A,
1361 1531 1392 1568 B
1416 1530 1461 1568 ad
1485 1531 1518 1570 C
1541 1529 1694 1569 eandem
1717 1530 1866 1571 haberet
1890 1547 1944 1572 ra-

473 1605 497 1624 “
522 1601 680 1647 tionem3
716 1611 822 1653 atque
846 1599 999 1638 eandem
1024 1613 1101 1638 non
1124 1598 1245 1638 habet.
1292 1613 1370 1638 non
1394 1599 1500 1653 igitur
1523 1601 1560 1638 A
1585 1599 1648 1652 ipfi
1673 1602 1704 1639 B
1736 1601 1784 1640 est
1815 1616 1944 1655 aequa-

475 1675 497 1693 “
524 1668 598 1709 lis.”
638 1669 688 1708 vis
711 1668 816 1723 hujus
840 1668 1012 1707 ratiocinii
1036 1668 1125 1708 haec
1144 1669 1204 1716 est,
1223 1668 1248 1708 fi
1268 1666 1375 1708 fuerit
1393 1671 1429 1708 A
1450 1669 1496 1708 ad
1515 1671 1558 1717 C,
1583 1681 1622 1708 ut
1641 1671 1670 1708 Β
1691 1670 1736 1709 ad
1755 1672 1798 1718 C,
1822 1669 1944 1724 sump-

475 1740 518 1780 tis
542 1736 695 1792 ipsarum
718 1739 767 1785 A,
797 1739 827 1776 B
853 1736 1128 1791 quibuscunque
1152 1753 1266 1792 aeque
1290 1737 1556 1790 multiplicibus,
1594 1750 1629 1777 et
1660 1737 1798 1793 sumpta
1824 1741 1944 1793 quavis

476 1806 663 1861 multiplici
687 1806 790 1861 ipsius
817 1809 862 1854 C,
896 1807 922 1847 fi
946 1806 1133 1860 multiplex
1156 1807 1263 1861 ipsius
1286 1808 1324 1847 A
1347 1808 1465 1861 major
1489 1806 1596 1847 fuerit
1625 1807 1814 1862 multiplici
1838 1808 1944 1862 ipsius

476 1880 521 1926 C,
546 1878 621 1926 erit,
645 1878 678 1917 vi
702 1877 936 1918 Definitionis
961 1889 998 1925 5.
1023 1876 1106 1916 Lib.
1121 1889 1160 1926 5.
1190 1876 1379 1930 multiplex
1402 1877 1682 1932 ipsiusBmajor
1701 1879 1831 1917 eadem
1849 1877 1944 1918 mul·

477 1946 586 2000 tiplici
610 1946 715 2000 ipsius
734 1948 778 1986 C.
815 1945 873 1986 sed
894 1947 1079 2000 quoniam,
1098 1961 1141 1986 ex
1160 1946 1361 2000 hypothesi,
1382 1950 1420 1986 A
1440 1948 1615 2001 majorem
1635 1946 1744 1986 habet
1766 1948 1945 1987 rationem

475 2016 521 2056 ad
545 2019 589 2063 C,
614 2031 722 2069 quam
742 2018 773 2055 B
794 2017 839 2056 ad
857 2018 901 2064 C,
926 2028 1041 2064 erunt,
1059 2017 1092 2055 vi
1113 2017 1345 2056 Definitionis
1366 2029 1406 2065 7.
1433 2016 1515 2056 Lib.
1535 2029 1572 2065 5.
1599 2017 1775 2070 quaedam
1794 2016 1945 2070 ipsarum

477 2088 526 2134 A,
554 2087 584 2125 B
609 2100 720 2139 aeque
744 2084 968 2140 multiplices,
1001 2099 1036 2125 er
1060 2086 1237 2140 quaedam
1260 2085 1452 2139 multiplex
1476 2086 1583 2139 ipsius
1607 2089 1638 2126 C
1664 2085 1761 2133 tales,
1787 2098 1826 2125 ut
1850 2084 1945 2126 mul-

480 2154 589 2208 tiplex
612 2154 718 2207 ipsius
742 2158 778 2194 A
803 2157 919 2210 major
943 2155 984 2195 fit
1008 2155 1192 2210 multiplici
1218 2156 1322 2210 ipsius
1341 2158 1384 2204 C,
1409 2168 1444 2195 at
1468 2155 1656 2208 multiplex
1678 2155 1784 2208 ipsius
1810 2158 1842 2194 B
1867 2170 1944 2196 non

482 2225 600 2280 major
622 2222 665 2265 fit
684 2223 867 2279 multiplici
891 2224 1046 2280 ejusdcm
1064 2228 1108 2266 C.
1151 2226 1240 2267 haec
1265 2237 1382 2266 autem
1401 2226 1603 2280 Propositio
1622 2226 1749 2266 directe
1768 2237 1944 2278 repugnat

1709 2294 1944 2349 praecedenti.
