2111 2755
535 251 540 252 ⁷
602 201 894 252 LIBER
952 198 1324 249 PRIMUS.

227 303 286 346 std
316 315 351 343 et
379 303 558 356 punctum
589 300 620 338 B
645 295 865 351 congruebat
895 300 1030 350 punuo
1061 298 1096 335 E
1106 313 1115 343 3
1151 310 1264 348 quare
1292 292 1383 335 bafis
1412 295 1476 335 BC
1507 292 1583 336 basi
1614 298 1682 338 EF

229 383 413 428 congruet.
459 371 558 408 Nam
581 367 607 407 fi
630 370 765 421 puncto
789 366 935 419 quidem
958 367 988 404 B
1007 376 1226 419 congruente
1250 363 1314 418 ipsi
1338 367 1385 413 E,
1410 366 1442 404 C
1459 379 1543 404 vero
1560 365 1623 419 ipsi
1636 368 1680 415 F,

229 443 318 483 basis
341 443 406 480 BC
431 438 503 478 basi
527 439 593 477 EF
619 451 695 475 non
725 435 892 488 congruit
901 452 910 480 3
947 434 1039 473 duae
1063 437 1178 474 rectae
1204 432 1318 474 lineae
1342 432 1492 487 spatium
1517 449 1680 490 compre-

227 511 398 556 hendent,
422 506 522 562 quod
545 505 621 544 fieri
646 518 721 543 non
744 503 858 555 potest
868 507 891 540 ³.
930 504 1117 555 Congruet
1139 503 1244 556 igitur
1266 505 1328 543 BC
1348 502 1436 543 bafis
1455 502 1528 543 bafi
1547 507 1627 553 EF,
1646 517 1680 546 et

227 580 290 634 ipsi
314 576 466 631 aequalis
490 575 563 614 erit.
613 574 737 624 Quare
760 583 794 610 et
819 582 936 609 totum
960 572 1064 610 ABC
1089 569 1308 623 triangulum
1333 585 1506 626 congruet
1529 574 1593 613 toti
1618 576 1678 615 tri-

227 646 360 703 angulo
383 645 502 690 DEF,
534 654 569 680 et
598 640 663 694 ipsi
693 641 757 679 erit
788 637 937 692 aequale
946 657 956 686 ;
992 650 1027 678 et
1057 636 1184 692 reliqui
1215 638 1335 692 anguli
1366 639 1506 694 reliquis
1537 642 1677 697 angulis

227 725 435 770 congruent,
454 723 488 750 et
502 710 580 763 ipsis
593 707 754 761 aequales
768 719 883 747 erunt.
920 706 1096 747 Videlicet
1119 706 1268 761 angulus
1285 709 1386 748 ABC
1405 709 1538 763 angulo
1557 707 1676 761 DEF}

224 798 259 825 et
281 782 432 837 angulus
460 781 561 820 ACB
586 776 722 832 angulo
743 779 862 816 DFE.
911 776 938 815 fi
955 776 1061 830 igitur
1079 776 1154 816 duo
1173 775 1349 831 triangula
1367 777 1442 817 duo
1461 776 1569 819 latera
1587 780 1678 820 duo-

222 854 289 894 bus
312 849 481 891 lateribus
503 846 664 902 aequalia
688 845 857 894 habeant,
876 843 1029 885 alterum
1048 842 1166 893 alteri;
1190 844 1348 886 habeant
1367 858 1487 886 autem
1506 859 1541 887 et
1564 863 1678 904 angu-

222 922 301 962 lum
325 917 457 974 angulo
481 915 679 970 aequalem,
699 916 761 970 qui
784 913 990 969 aequalibus
1013 915 1113 955 renis
1132 913 1231 955 lineis
1249 916 1467 956 continetur:
1504 928 1539 956 et
1562 915 1677 958 bafim

220 990 296 1031 basi
319 986 506 1042 aequalem
530 985 718 1026 habebunt
725 1003 735 1033 3
771 997 806 1025 et
830 983 1049 1039 triangulum
1072 982 1251 1038 triangulo
1273 983 1422 1038 aequale
1444 986 1508 1025 erit
1516 1003 1526 1033 3
1562 998 1597 1026 et
1621 1001 1676 1027 re-

220 1059 309 1114 liqui
333 1056 455 1113 anguli
478 1055 619 1109 reliquis
643 1053 778 1109 angulis
796 1053 973 1107 aequales,
995 1052 1082 1094 alter
1099 1052 1207 1102 alteri,
1231 1053 1360 1109 quibus
1384 1053 1544 1109 aequalia
1568 1054 1677 1095 latera

219 1127 493 1170 subtenduntur.
536 1124 652 1178 Qod
676 1136 750 1164 erat
774 1122 1105 1164 demonstrandum.

661 1236 833 1275 PROP.
870 1236 918 1274 V.
989 1235 1230 1275 THEOR.

217 1323 535 1428 ISoscELmM
562 1318 895 1386 triangulorum
913 1319 994 1383 qui
1016 1320 1075 1367 ad
1092 1318 1233 1367 bafim
1251 1319 1354 1367 sunt
1379 1320 1535 1385 anguli
1557 1319 1675 1369 inter

294 1394 338 1441 se
360 1394 464 1442 sunt
487 1389 719 1454 aequales;
753 1403 815 1447 et,
850 1388 1075 1452 productis
1102 1389 1361 1453 aequalibus
1384 1389 1511 1437 rectis
1534 1389 1679 1448 lineis,

219 1463 375 1529 anguli
397 1460 489 1526 ,qui
513 1460 617 1510 sunt
645 1460 725 1510 sub
749 1456 842 1508 basi
863 1459 981 1508 inter
1003 1459 1048 1506 se
1071 1459 1278 1523 aequales
1309 1473 1455 1519 erunt.

289 1605 342 1646 Sit
364 1601 516 1643 isosceles
539 1600 760 1656 triangulum
781 1604 896 1650 ABC,
926 1600 1068 1642 habens
1090 1599 1186 1642 latus-
1207 1603 1278 1642 AB
1301 1600 1399 1642 lateri
1422 1602 1491 1643 AC
1515 1598 1675 1656 aequale,

221 1687 257 1716 et
279 1673 522 1728 producantur
545 1673 583 1711 in
607 1671 780 1710 directum
802 1670 882 1724 ipsis
900 1673 979 1718 AB,
1001 1672 1073 1710 AC
1092 1684 1167 1709 ree·
1403 1691 1458 1740 A

222 1757 279 1784 tae
293 1742 405 1783 lineae
419 1743 502 1789 BD,
514 1742 594 1780 CE.
631 1739 712 1778 dico
725 1738 897 1793 angulum
912 1739 1058 1791 quidem
1066 1740 1166 1778 ABC

220 1810 356 1866 angulo
372 1812 485 1858 ACB,
503 1807 675 1863 angulum
687 1822 771 1847 vero
788 1809 892 1848 CBD
912 1806 1046 1862 angulo
1063 1808 1166 1846 BCE

221 1878 409 1935 aequalem
428 1877 507 1918 effe.

289 1951 459 1990 Sumatur
476 1948 572 1987 enim
590 1947 627 1986 in
651 1949 743 1985 reeta
766 1947 838 1985 BD
856 1948 1031 1998 punctum
1050 1943 1167 1997 quod·
1268 1951 1307 1998 Β
1556 1946 1596 1997 G

221 2020 269 2060 vis
287 2020 338 2065 F;
366 2029 472 2071 atque
495 2032 516 2056 a
539 2017 674 2070 majore
696 2017 771 2054 ΑΕ
789 2015 920 2054 minori
943 2015 1012 2053 AF
1037 2027 1167 2066 aequa-

221 2088 262 2129 lis
275 2085 454 2128 auferatur
466 2088 541 2126 AG
555 2091 580 2133 ³,
604 2097 639 2124 et
651 2086 847 2138 jungantur
864 2085 941 2131 FC,
962 2084 1042 2122 GB.
1074 2096 1167 2135 quo-
1231 2063 1277 2116 F

222 2159 320 2198 niam
342 2156 448 2210 igitur
466 2157 535 2195 AF
559 2155 607 2194 est
631 2153 785 2206 aequalis
808 2154 897 2200 AG,
915 2154 982 2192 AB
1007 2165 1092 2190 vero
1115 2150 1178 2203 ipfi
1208 2161 1253 2207 D

223 2229 311 2274 AC;
341 2225 434 2265 duae
463 2226 552 2273 FA,
582 2225 651 2264 AC
677 2222 813 2262 duabus
839 2224 926 2267 GA,
955 2223 1024 2260 AB
1049 2234 1178 2274 aequa-
1610 2178 1655 2230 Ε

898 2292 929 2330 Β
967 2302 992 2329 2
1625 2285 1676 2328 les

1849 219 1902 254 11

1692 529 1717 550 a.
1732 522 1789 551 Ax.
1808 520 1858 551 102
