2111 2755
373 537 400 557 c.
420 536 469 568 23.
486 536 512 558 1.
527 524 564 562 in
582 536 623 560 ea
636 522 682 568 E,
701 517 837 574 angulo
857 520 965 558 GEF
984 517 1139 572 aequalis
1155 517 1306 573 angulus
1320 525 1333 541 ⁰
1345 521 1376 558 F
1380 522 1468 567 ΕΗ,

503 890 509 897 ·
528 881 583 908 tur
601 869 676 907 FG
697 865 771 905 bafi
795 868 866 905 ΡΗ
888 864 1038 919 aequalis
1057 866 1122 904 erit
1130 860 1158 904 d.
1196 865 1277 904 dico
1296 880 1315 904 a
1335 869 1468 918 punsto

698 215 1093 266 EUCLIDIS
1142 213 1811 268 ELEMENTORUM

594 315 693 354 Dico
711 324 745 352 et
764 328 784 352 a
807 314 940 365 puncto
958 312 990 350 F
1010 310 1096 349 duas
1115 322 1255 350 tantum
1274 314 1384 351 rec'tas
1410 310 1520 351 lineas
1540 313 1701 366 aequales
1718 315 1843 356 cadere
1861 315 1898 354 in
1916 315 1981 354 cir-

525 381 799 424 cumferentiam
827 381 973 419 ABCD
1004 379 1050 419 ad
1085 378 1248 433 utrasque
1283 392 1397 433 partes
1420 381 1591 422 minimae
1615 384 1697 422 FD.
1753 385 1981 424 constituatur

528 454 625 493 enim
651 451 696 490 ad
721 454 854 489 rectam
881 447 1013 488 lineam
1037 451 1116 497 EF,
1153 460 1189 488 et
1220 449 1265 489 ad
1297 453 1468 503 punctum

527 603 562 631 et
585 593 659 630 ΡΗ
680 590 861 644 jungatur.
911 589 1095 641 Qoniam
1119 588 1222 641 igitur
1246 590 1320 628 GE
1345 589 1394 627 est
1411 603 1468 628 ae-

528 659 640 715 qualis
662 661 751 707 EH,
774 659 976 698 communis
1007 670 1128 696 autem
1153 659 1232 705 EF,
1267 657 1357 696 duae
1384 659 1468 706 GE,

526 732 594 770 EF
619 727 756 768 duabus
780 729 873 774 HE,
900 728 969 766 EF
994 724 1155 780 aequales
1179 724 1257 765 sunt
1266 745 1275 774 5
1300 739 1335 766 et
1359 742 1469 781 angu-

528 798 581 838 lus
605 800 713 838 GEF
739 798 788 837 est
812 795 965 849 aequalis
988 795 1124 850 angulo
1145 798 1273 843 HEF;
1297 795 1387 835 basis
1406 797 1469 850 igi—

528 940 559 977 F
585 938 630 977 ad
653 933 981 975 circumferentiam
1010 949 1087 973 non
1119 934 1245 973 cadere
1278 933 1383 973 aliam
1407 933 1471 986 ipsi

526 1009 599 1046 FG
625 1003 823 1057 aequalem.
866 1003 892 1041 fi
917 1004 1015 1042 enim
1040 1003 1115 1041 fieri
1138 1004 1264 1056 potest,
1287 1003 1392 1042 cadat
1409 1004 1492 1050 FK,
1516 1012 1551 1039 et
1570 1001 1743 1053 quoniam
1767 1001 1837 1039 FK
1860 1000 1909 1038 est
1932 1012 1990 1038 ae-

528 1074 640 1129 qualis
662 1075 749 1121 FG,
773 1073 893 1125 estque
917 1072 980 1125 ipsi
1005 1074 1076 1111 FG
1102 1070 1259 1125 aequalis
1282 1074 1372 1119 FH,
1403 1072 1467 1110 erit
1491 1083 1526 1110 et
1549 1072 1620 1108 FK
1643 1069 1707 1123 ipfi
1731 1071 1802 1108 FH
1827 1066 1989 1121 aequalis,

527 1144 692 1184 videlicet
723 1142 960 1196 propinquior
992 1142 1024 1180 ci
1056 1156 1149 1194 quae
1180 1155 1242 1194 per
1273 1153 1433 1180 centrum
1464 1137 1586 1180 transit
1610 1137 1764 1191 aequalis
1788 1137 1970 1177 remotiori
1979 1152 1990 1184 ς

529 1214 629 1267 quod
653 1213 729 1252 fieri
748 1226 824 1251 non
843 1212 968 1264 potest.
1018 1210 1044 1249 fi
1069 1211 1176 1264 igitur
1200 1211 1238 1249 in
1261 1207 1379 1250 circuli
1403 1209 1475 1248 &o
1531 1209 1590 1263 Q
1607 1210 1653 1246 E.
1673 1209 1724 1246 D.

950 1325 1118 1362 PROP.
1156 1324 1264 1361 VIII.
1337 1321 1579 1361 THEOR.

530 1411 611 1504 SI
649 1424 776 1456 extra
810 1407 1031 1455 circulum
1060 1407 1246 1470 aliquod
1277 1409 1495 1469 punctum
1518 1407 1734 1462 sumatur,
1766 1419 1903 1469 atque
1934 1404 1992 1451 ab

620 1496 674 1524 eo
691 1479 748 1525 ad
763 1476 1176 1524 circumferentiam
1197 1478 1422 1523 ducantur
1436 1477 1660 1539 quaedam
1674 1476 1816 1521 rectae
1834 1473 1992 1530 lineae,

529 1565 725 1611 quarum
753 1564 842 1593 una
871 1565 949 1609 per
985 1561 1193 1592 centrum
1222 1547 1427 1602 transeat,
1465 1545 1662 1608 reliquae
1696 1560 1799 1590 vero
1831 1557 1993 1590 utcun-

529 1634 638 1680 que;
675 1633 830 1663 earum
858 1615 1044 1692 quidem
1079 1633 1194 1678 quae
1229 1615 1276 1661 in
1309 1632 1553 1661 concavam
1579 1611 1993 1660 circumferentiam

530 1687 717 1742 cadunt,
755 1685 955 1731 maxima
990 1684 1051 1730 est
1084 1702 1200 1747 quae
1237 1702 1314 1747 per
1345 1699 1554 1731 centrum
1588 1681 1767 1739 tranfit3
1803 1681 1993 1728 aliarum

530 1771 685 1802 autern
721 1753 1017 1817 propinquior
1049 1753 1089 1799 ei
1122 1771 1237 1816 quae
1276 1771 1354 1816 per
1386 1768 1608 1808 centrum,
1645 1752 1817 1814 semper
1849 1767 1993 1796 remo-

529 1825 646 1872 tiore
671 1824 817 1900 major
845 1823 920 1870 est
991 1837 1038 1869 at
1070 1839 1223 1868 earum
1250 1840 1365 1885 quae
1398 1822 1444 1868 in
1482 1838 1730 1868 convexam
1755 1819 1992 1867 circumfe-

529 1894 724 1940 rentiam
750 1893 934 1948 cadunt,
973 1891 1162 1938 minima
1193 1891 1253 1938 est
1285 1908 1402 1954 quae
1427 1891 1544 1937 inter
1581 1892 1798 1953 punctum
1823 1903 1869 1935 et
1901 1887 1993 1934 dia-

531 1979 731 2010 metrum
758 1960 1049 2028 interjicitur3
1084 1961 1273 2007 aliarum
1303 1978 1407 2007 vero
1438 1978 1553 2025 quae
1586 1958 1879 2022 propinquior
1911 1956 1994 2003 mi-

532 2033 695 2087 nimae,
729 2033 900 2094 semper
923 2031 1167 2077 remotiore
1186 2030 1247 2076 est
1280 2030 1440 2077 minor.
1485 2031 1601 2076 duae
1627 2043 1778 2075 autem
1813 2040 1994 2074 tantum

535 2101 742 2164 aequales
764 2120 788 2148 a
808 2103 974 2163 puncto
1000 2100 1047 2147 in
1072 2100 1487 2149 circumferentiam
1512 2100 1682 2146 cadunt
1708 2098 1765 2144 ad
1784 2094 1994 2158 utrasque

531 2186 680 2232 partes
708 2170 935 2217 minimae.

1945 2306 1997 2346 Sit
