2111 2755
649 178 1179 231 NOTAE.

188 261 351 332 aequales
374 274 454 317 effe.
504 282 599 328 patet
622 273 729 312 etiam
747 269 1032 325 Propofitionem
1059 266 1134 307 26.
1159 266 1242 309 Lib.
1271 279 1285 308 1
1306 279 1342 308 ι.
1375 279 1451 308 non
1481 263 1637 322 legitime

184 347 461 389 demonstratam
485 342 564 391 esse,
588 342 626 382 in
643 355 686 382 ea
712 341 809 380 enim
828 337 1022 391 aequalitas
1044 335 1238 376 solidorum
1257 334 1472 389 angulorum
1491 336 1552 389 qui
1577 337 1635 376 tri-

185 417 254 457 bus
272 413 408 469 angulis
426 411 538 466 planis
558 407 770 464 aequalibus,
788 405 917 461 finguli
935 404 1088 460 finguliS,
1100 405 1340 452 continentur,
1352 402 1544 453 assumitur,
1558 418 1635 445 non

182 485 456 526 demonstratur.

644 568 814 608 PROP.
850 568 880 606 Ι.
950 566 1062 604 LIB.
1100 564 1168 603 XI.

253 685 378 726 Verba
401 684 437 723 in
462 683 534 723 fine
557 681 673 734 hujus,
697 683 720 702 “
738 682 831 718 reeta
850 677 947 717 enim
967 675 1059 716 linea
1077 689 1159 714 cum
1178 678 1269 715 resta
1291 672 1385 714 linea
1408 687 1484 714 non
1507 686 1637 715 conve-

184 761 208 780 “
232 756 284 796 nit
307 756 345 793 in
367 751 526 806 pluribus
549 748 684 802 punffis
708 760 817 800 quam
840 760 926 793 un0‚
953 743 1039 784 alias
1062 748 1176 783 restae
1206 743 1320 783 lineae
1350 741 1415 782 fibi
1444 742 1526 795 ipsis
1547 758 1635 784 con-

183 830 206 849 “
230 821 392 878 gruent.'’
429 817 551 859 omiffa
575 817 653 856 sunt
672 827 843 868 tanquam
860 813 1013 867 imperiti
1031 811 1211 867 cujusdam
1235 812 1529 852 additamentum.
1573 812 1634 852 de-

186 889 454 934 monstrandmn
478 888 573 928 enim
596 885 668 925 hoc
691 882 759 923 fuit
782 897 860 923 non
883 881 1144 922 assumendum.

635 997 810 1037 PROP.
846 996 896 1034 ΙΙ.
968 994 1076 1034 LIB.
1113 993 1181 1032 XI.

250 1092 452 1147 Propositio
470 1091 558 1130 haec
577 1104 598 1129 a
617 1088 776 1142 quodam
795 1097 931 1127 mutata
949 1097 984 1126 et
1001 1085 1118 1124 vitiata
1136 1083 1284 1123 videtur.
1322 1083 1470 1122 Etenim
1488 1080 1639 1124 secunda

183 1178 266 1219 pars
289 1159 565 1206 Enuntiationis,
596 1158 663 1196 viz.
690 1162 712 1179 “
732 1168 767 1196 et
790 1170 901 1195 omne
925 1152 1140 1207 triangulum
1163 1153 1200 1192 in
1223 1165 1299 1192 uno
1321 1150 1434 1204 plano
1457 1150 1638 1191 confistit'’

187 1230 486 1272 demonstratione
510 1241 587 1266 non
610 1225 744 1279 indiget
751 1242 762 1273 ;
796 1239 881 1263 nam
904 1237 1034 1263 omnes
1056 1222 1188 1276 figurae
1210 1221 1249 1260 in
1273 1220 1391 1272 primo
1414 1219 1528 1259 Libro
1553 1218 1639 1259 Ele-

186 1311 398 1340 mentorum
417 1296 593 1342 definitae,
612 1292 700 1341 sunt,
720 1308 764 1333 ex
781 1291 983 1345 hypothesi,
999 1291 1131 1344 figurae
1148 1288 1288 1343 planae,
1301 1287 1373 1327 hoc
1390 1288 1450 1334 est,
1471 1289 1508 1327 in
1528 1286 1639 1340 plano

186 1368 388 1421 descriptae,
411 1376 447 1404 et
469 1364 561 1403 inter
586 1374 736 1401 caeteras
767 1359 996 1413 triangulum.
1056 1370 1092 1397 et
1121 1357 1267 1410 quidem
1298 1356 1414 1408 potest
1445 1355 1641 1409 superficies

187 1449 348 1478 convexa
371 1432 482 1474 tribus
506 1432 607 1472 reffis
624 1428 723 1470 lineis
746 1429 937 1470 terminari.
986 1441 1103 1480 neque
1125 1423 1219 1465 valet
1237 1425 1493 1464 demonstratio
1516 1424 1562 1464 ad
1585 1423 1641 1463 os-

187 1503 409 1546 tendendum
432 1501 519 1541 duas
542 1502 650 1540 reetas
673 1496 706 1537 se
736 1497 887 1537 invicem
917 1494 1069 1535 secantes
1098 1495 1136 1534 in
1166 1506 1243 1533 uno
1265 1490 1334 1532 effe
1357 1491 1478 1546 plano.
1533 1491 1641 1532 debet

188 1574 293 1629 igitur
316 1569 454 1611 ostendi
479 1568 565 1608 duas
587 1578 647 1607 aut
669 1577 737 1606 tres
761 1568 869 1606 restas
891 1563 957 1604 fibi
979 1574 1108 1604 mutuo
1131 1573 1351 1602 occurrentes
1373 1561 1412 1602 In
1430 1574 1505 1601 uno
1529 1559 1640 1614 plano

189 1640 272 1683 esse.
311 1651 353 1679 ut
375 1638 446 1678 hoc
471 1637 570 1677 fieret
592 1635 891 1676 Enuntiationem
914 1644 950 1673 et
974 1631 1329 1673 Demonstrationem
1346 1630 1384 1670 in
1407 1644 1466 1670 eas
1489 1644 1580 1684 quae
1603 1630 1642 1670 in

191 1722 290 1751 textu
313 1707 446 1764 positae
468 1705 549 1746 sunt
570 1704 794 1745 mutavimus.

635 1816 803 1856 PROP.
840 1815 910 1854 III.
980 1814 1087 1852 LIB.
1123 1812 1192 1850 XI.

261 1915 307 1953 In
330 1911 398 1951 hac
421 1922 534 1963 prope
558 1909 669 1947 finem
692 1904 880 1952 habentur,
914 1909 936 1927 “
956 1917 1032 1943 non
1055 1903 1159 1957 igitur
1184 1902 1304 1949 DEB,
1333 1901 1435 1940 DFB
1467 1903 1580 1941 restae
1603 1899 1643 1941 li-

196 1986 221 2006 “
244 1996 333 2021 neae
345 1978 434 2026 sunt,
453 1976 610 2017 fimiliter
622 1975 845 2015 ostendemus
861 1987 979 2027 neque
997 1970 1103 2011 aliam
1121 1971 1340 2024 quampiam,
1360 1983 1451 2023 quae
1470 1984 1490 2008 a
1510 1973 1644 2022 punGto

197 2055 219 2075 ‘⁴
244 2052 286 2090 D
309 2048 354 2088 ad
376 2049 406 2087 B
431 2046 570 2086 ducitur
593 2048 726 2084 reetam
750 2041 850 2090 esse,”
875 2056 967 2095 quae
989 2038 1114 2080 omissa
1137 2037 1225 2080 sunt.
1279 2052 1323 2078 ex
1352 2052 1397 2077 eo
1427 2038 1523 2078 enirn
1546 2036 1645 2091 quod

197 2118 287 2159 duae
311 2116 422 2156 lineae
445 2113 593 2168 spatium
616 2111 938 2166 comprehendunt,
953 2120 1091 2149 tantum
1110 2107 1262 2162 sequitur
1280 2121 1389 2146 unam
1409 2121 1452 2145 ex
1470 2106 1549 2160 ipsis
1567 2119 1645 2146 non

200 2185 268 2228 effe
290 2188 435 2227 reaam.
481 2195 516 2223 et
538 2183 588 2222 vis
611 2180 807 2236 argumenti
830 2193 874 2219 ex
896 2178 968 2218 hoc
991 2178 1134 2231 pendet,
1157 2176 1184 2218 ss
1206 2175 1332 2217 scilicet
1353 2175 1555 2216 communis
1577 2172 1648 2214 sec-

820 2249 861 2288 D
884 2247 909 2287 d
933 2246 957 2288 d
996 2258 1020 2285 2
1598 2243 1649 2282 tio

1766 193 1861 244 395
