2111 2755
574 199 971 252 EUCLIDIS
1017 196 1692 252 ELEMENTORUM

843 348 880 397 P
901 345 1420 397 OSTULATA.

1123 491 1154 530 Ι.

408 556 831 686 ΡΟετυιΕΊ-υκ,
861 573 882 598 a
913 558 1037 612 quovis
1062 561 1199 612 punfto
1230 557 1276 598 ad
1300 558 1450 612 quodvis
1472 561 1648 613 punstum
1671 563 1806 602 restam
1828 560 1868 602 li-

549 641 656 666 neam
680 626 820 666 ducere.

410 769 461 806 Et
484 769 616 805 refftam
641 763 774 803 lineam
798 763 1034 812 terminatam,
1067 764 1104 802 in
1131 765 1346 804 continuum
1373 777 1407 804 ct
1432 766 1603 805 diffluum
1627 766 1834 820 producere.

1105 834 1175 872 III.

411 904 461 942 Et
485 903 607 957 quovis
632 915 755 942 centro
779 913 814 942 et
837 900 1021 945 intervallo
1045 901 1221 941 circulum
1247 901 1448 942 describere.

884 1054 1392 1104 AXIOMATA.

1131 1176 1161 1213 Ῑ.

413 1165 673 1292 QUAE
699 1243 815 1282 eidem
841 1241 1010 1296 aequalia,
1035 1254 1069 1281 et
1093 1243 1184 1282 inter
1208 1240 1240 1282 se
1264 1240 1344 1282 sunt
1367 1243 1538 1296 aequalia.

1116 1312 1165 1349 II.

412 1382 462 1420 Et
485 1378 513 1419 fi
537 1378 743 1433 aequalibus
767 1377 927 1432 aequalia
952 1379 1172 1434 adjiciantur,
1198 1391 1271 1418 tota
1290 1377 1370 1418 sunt
1393 1379 1566 1433 aequalia.

1106 1449 1176 1487 III.

414 1519 465 1557 Et
489 1516 515 1556 fi
539 1515 584 1556 ab
610 1515 815 1570 aequalibus
840 1515 999 1571 aequalia
1020 1514 1237 1565 auferantur,
1260 1515 1396 1570 reliqua
1419 1515 1499 1557 sunt
1520 1517 1733 1572 inaequalia.

1111 1587 1178 1625 IV.

414 1656 466 1695 Et
489 1653 515 1693 fi
538 1652 785 1707 inaequalibus
809 1651 971 1707 aequalia
995 1654 1214 1709 adjiciantur,
1240 1666 1318 1694 tota
1340 1653 1419 1695 sunt
1443 1655 1654 1710 inaequalia.

1112 1726 1159 1763 V.

414 1794 464 1833 Et
487 1790 513 1831 fi
537 1790 582 1831 ab
606 1790 852 1846 inaequalibus
875 1791 1034 1845 aequalia
1059 1791 1278 1842 auferantur,
1297 1792 1433 1847 reliqua
1456 1793 1536 1836 sunt
1558 1795 1769 1851 Inaequalia.

1111 1864 1179 1903 VI.

415 1932 467 1971 Et
490 1945 583 1985 quae
608 1930 764 1986 ejusdem
789 1929 869 1971 sunt
895 1931 1060 1986 duplicia,
1084 1933 1175 1972 inter
1198 1930 1230 1972 se
1255 1931 1336 1973 sunt
1359 1934 1530 1989 aequalia.

1110 2004 1197 2043 VII.

416 2070 467 2109 Et
491 2083 584 2134 quaa
601 2069 757 2124 ejusdem
781 2069 861 2110 sunt
885 2070 1042 2121 dimidia,
1068 2073 1158 2112 inter
1181 2071 1214 2112 se
1237 2070 1316 2113 sunt
1340 2072 1509 2128 aequalia.

1087 2143 1194 2182 VIII.

415 2209 466 2248 Et
489 2222 579 2264 quae
603 2206 670 2249 fibi
691 2220 822 2250 mutuo
846 2223 1061 2266 congruunt,
1087 2211 1179 2253 inter
1195 2209 1230 2252 se
1247 2209 1328 2253 sunt
1352 2210 1523 2266 aequalia.

1725 2280 1874 2325 Totum
