2111 2755
454 194 739 245 LIBER
798 193 1252 261 QUINTUS.

127 301 163 330 et
184 290 216 328 C
240 287 285 328 ad
305 288 355 334 D,
379 286 506 326 eadem
530 286 572 326 fit
595 288 723 326 rationi
743 288 781 326 G
801 287 846 326 ad
870 288 905 326 K
927 301 1015 339 quae
1035 286 1227 340 composita
1252 288 1301 325 est
1319 301 1362 327 ex
1380 287 1574 330 rationibus

128 360 167 399 G
191 357 235 396 ad
253 359 304 404 H,
330 368 363 395 et
382 358 421 395 H
447 355 490 394 ad
509 358 559 395 K.
612 356 676 394 erit
694 356 783 394 ratio
805 357 843 393 D
863 354 907 394 ad
925 357 957 394 F
976 370 1066 408 quae
1090 355 1282 407 composita
1304 357 1351 394 est
1372 371 1414 395 ex
1432 356 1571 410 reliquis

127 424 319 465 rationibus
344 423 519 478 prioribus
537 425 576 463 D
601 424 646 462 ad
672 426 718 471 E,
744 435 778 463 ct
801 425 835 461 E
854 423 898 462 ad
922 425 966 470 F,
991 423 1116 462 cadem
1141 424 1266 462 rationi
1291 426 1328 463 K
1353 425 1397 464 ad
1416 427 1464 464 M
1484 442 1572 478 quae

125 493 321 546 composita
351 494 399 531 est
423 506 467 531 ex
485 491 625 543 reliquis
643 490 836 530 rationibus
859 491 1107 542 posterioribus
1125 494 1162 530 K
1188 493 1230 530 ad
1252 495 1295 539 L,
1320 504 1355 532 et
1372 496 1404 532 L
1425 494 1469 532 ad
1488 496 1547 534 M.

192 562 377 612 Qoniam
395 560 503 605 enim,
517 573 560 597 ex
577 557 778 610 hypothefi‚
802 558 849 595 cst
867 560 903 596 A
926 558 969 596 ad
989 561 1039 605 D,
1059 570 1096 596 ut
1121 562 1159 597 G
1179 560 1221 598 ad
1242 563 1291 608 K,
1316 563 1379 600 erit
1396 563 1570 603 inverten-

124 626 210 677 dob‚
238 631 276 668 D
300 628 344 667 ad
363 630 411 674 A,
440 638 478 666 ut
504 629 541 666 K
564 627 610 665 ad
629 628 686 672 G;
722 637 760 664 ut
782 639 866 663 vero
890 627 926 664 A
953 626 996 663 ad
1022 627 1064 671 F,
1089 627 1135 664 ira
1161 628 1261 666 cstG
1284 629 1329 667 ad
1347 632 1414 680 M3
1451 626 1695 689 ergogbstffj-

124 713 168 738 ex
192 695 339 750 aequali,
364 696 427 735 erit
451 697 491 734 D
517 694 561 733 ad
582 696 624 740 F,
649 705 687 731 ut
711 696 748 732 K
776 693 820 731 ad
844 695 902 731 M.
953 693 979 731 fi
1003 693 1106 746 igitur
1130 693 1202 731 &a
1252 697 1309 747 Q
1327 699 1373 735 E,
1400 700 1449 736 D,

542 805 714 842 PROP.
752 805 800 842 K.
873 804 1111 843 THEOR.

119 894 201 989 SI
225 890 394 938 fuerint
417 903 713 953 quotcunque
742 889 950 946 rationes,
984 907 1101 953 quae
1137 890 1345 938 dicantur
1381 896 1567 955 priores,

223 959 482 1022 fuerintque
511 958 623 1004 aliae
647 973 939 1021 quotcunque
969 959 1176 1015 rationes,
1216 977 1332 1022 quae
1362 961 1569 1010 dicantur

119 1029 400 1093 posteriores;
435 1026 582 1089 fitque
606 1026 721 1073 ratio
745 1043 860 1089 quae
886 1025 1133 1088 composita
1159 1027 1218 1074 est
1246 1044 1299 1074 ex
1323 1029 1570 1079 rationibus

117 1115 236 1161 quae
260 1097 443 1144 eaedem
466 1096 571 1142 sunt
593 1095 840 1142 rationibus
873 1095 1107 1157 prioribus,
1144 1095 1341 1159 singulae
1372 1097 1568 1162 singulis,

119 1167 278 1213 eadem
303 1164 466 1212 rationi
489 1181 604 1227 quae
632 1162 879 1226 compofita
903 1162 963 1210 est
986 1180 1040 1210 ex
1064 1165 1309 1211 rationibus
1336 1184 1464 1228 quae,
1490 1166 1570 1214 fin-

121 1234 254 1298 gulae
277 1232 474 1296 singulis,
512 1233 694 1279 eaedem
718 1233 820 1278 sunt
843 1232 1089 1279 rationibus
1113 1233 1446 1295 posterioribus;
1482 1253 1571 1283 una

119 1319 223 1349 vero
247 1301 363 1347 ratio
388 1316 444 1346 ex
467 1300 701 1361 prioribus,
740 1300 809 1346 vel
834 1300 949 1346 ratio
982 1318 1097 1362 quae
1133 1300 1380 1363 composita
1416 1302 1477 1348 est
1514 1320 1572 1350 ex

119 1369 367 1418 rationibus
392 1385 521 1431 quae,
555 1366 752 1432 fingulae
791 1366 987 1432 fingulis,
1028 1369 1214 1415 eaedem
1249 1370 1351 1416 sunt
1374 1371 1570 1418 totidem

119 1454 177 1486 ex
208 1437 441 1500 prioribus,
479 1437 637 1483 eadem
667 1435 721 1484 fit
744 1436 822 1483 uni
853 1436 1017 1483 rationi
1053 1453 1107 1484 ex
1138 1436 1464 1500 posterioribus,
1501 1440 1571 1486 vel

119 1505 284 1554 rationi
312 1522 428 1568 quae
461 1503 710 1566 compofita
741 1504 801 1551 est
836 1521 891 1552 ex
921 1505 1169 1553 rationibus
1205 1524 1335 1569 quae,
1372 1505 1568 1571 singulae

119 1573 316 1637 fingulis,
354 1573 537 1619 eaedem
563 1573 666 1618 sunt
690 1573 884 1619 totidem
909 1589 964 1619 ex
989 1573 1324 1635 posterioribus:
1361 1576 1446 1622 erit
1470 1576 1567 1622 reli-

119 1659 210 1707 qua
236 1640 351 1688 ratio
386 1657 442 1687 ex
473 1640 707 1701 prioribus,
741 1641 823 1696 vel,
872 1639 904 1686 fi
941 1641 1088 1702 plures
1119 1642 1301 1698 fuerint,
1338 1643 1422 1689 erit
1451 1644 1567 1690 ratio

119 1727 237 1774 quae
261 1707 509 1771 composita
533 1708 594 1754 est
618 1726 673 1755 ex
705 1708 950 1755 rationibus
976 1726 1091 1771 quae
1122 1711 1305 1756 eaedem
1336 1711 1438 1758 sunt
1469 1712 1567 1759 reli-

120 1779 218 1843 quis
238 1794 294 1824 ex
318 1776 549 1839 prioribus,
568 1775 765 1841 singulae
788 1775 983 1841 singulis,
1009 1779 1164 1824 eadem
1189 1778 1353 1824 rationi
1370 1780 1567 1842 reliquae

118 1864 174 1894 ex
198 1844 524 1908 posterioribus,
557 1845 639 1901 vel,
666 1844 699 1891 si
728 1844 874 1908 plures
900 1845 1084 1902 fuerint,
1115 1846 1279 1892 rationi
1304 1864 1419 1910 quae
1443 1866 1565 1895 com-

118 1914 260 1978 posita
297 1913 357 1961 est
387 1930 443 1961 ex
478 1914 724 1960 rationibus
757 1931 886 1975 quae,
920 1912 1117 1977 singulae
1152 1912 1348 1979 singulis,
1381 1917 1564 1964 eaedem

117 1984 220 2031 sunt
242 1981 422 2044 reliquis
447 1997 502 2028 ex
526 1981 852 2044 posterioribus.

186 2126 264 2165 Sint
286 2125 437 2164 rationes
460 2126 497 2163 A
522 2124 567 2162 ad
591 2126 633 2171 B,
657 2126 688 2163 C
713 2124 757 2162 ad
782 2126 833 2170 D,
856 2127 891 2164 E
917 2125 961 2163 ad
985 2128 1027 2173 F,
1054 2126 1187 2178 priores
1201 2143 1211 2173 3
1248 2128 1454 2179 posteriores
1478 2142 1562 2165 vcro

119 2194 186 2234 sint
208 2194 361 2234 rationes
384 2194 423 2232 G
447 2193 491 2232 ad
515 2194 567 2240 H,
592 2194 629 2232 K
653 2192 697 2232 ad
715 2195 760 2240 L,
784 2195 831 2231 M
856 2193 900 2231 ad
926 2196 975 2241 N,
1001 2195 1036 2232 O
1062 2194 1107 2233 ad
1130 2196 1169 2241 P,
1189 2195 1295 2247 (ζειαὶ
1320 2197 1366 2235 R.
1406 2208 1439 2234 ct
1464 2195 1505 2232 fit
1525 2206 1563 2233 ut

790 2262 827 2298 Y
868 2273 889 2298 1:
1465 2263 1499 2299 A
1518 2262 1561 2301 ad

1706 215 1787 261 171
