2111 2755
357 217 445 268 168

346 1292 371 1313 a.
382 1285 417 1312 A.
427 1289 454 1313 et
466 1290 513 1320 14.
525 1290 553 1322 ς.

418 1694 553 1734 b.19.5‚

428 1769 455 1790 c.
473 1764 509 1790 A,
525 1769 553 1800 5.

739 213 1130 267 EUCLIDIS
1175 213 1836 273 ELEMENTORUM

569 311 776 354 monstratio
799 309 928 349 eadem
952 308 1001 347 est
1018 321 1104 348 cum
1126 322 1167 348 ea
1183 306 1437 361 Propofitionis
1455 309 1655 353 dummodo
1671 316 1743 356 vice
1760 321 2015 372 componendo

570 391 690 419 utatur
714 378 916 418 dividendo.
1447 422 1450 423 ⁷

639 449 751 487 COR.
776 459 816 486 2.
842 444 920 500 Ipsa
939 457 1056 486 autem
1076 444 1277 500 Propofitio
1294 461 1374 487 vera
1393 449 1441 487 est
1455 448 1499 487 de
1518 461 1749 505 quotcunque
1765 458 2014 509 magnitudin}

570 517 650 565 bus,
670 530 824 570 quarum
849 516 982 570 priores
1008 515 1053 554 ad
1079 530 1312 555 communem
1336 514 1525 556 secundam
1543 517 1683 558 easdem
1707 520 1840 561 habent
1863 528 2017 566 rationes

571 601 659 640 quas
677 585 814 625 habent
836 583 991 638 reliquae
1015 584 1059 623 ad
1078 599 1312 624 communem
1336 599 1510 638 quartam,
1535 586 1695 642 singulae
1718 588 1762 628 sc.
1789 592 1947 644 priorum
1970 595 2015 635 ad

573 653 773 704 secundam,
797 654 946 695 eandem
967 667 1074 707 quam
1097 652 1253 707 fingulae
1276 653 1496 708 reliquarum
1522 657 1566 695 ad
1591 669 1753 710 quartam
1761 675 1772 706 ;
1807 672 1848 699 ut
1874 675 1979 714 patet.

981 767 1150 806 PROP.
1186 767 1307 805 XXV.
1379 767 1614 807 THEOR,

570 853 667 956 SI
693 868 888 917 quatuor
913 852 1248 917 magnitudines
1274 851 1444 899 fuerint
1476 856 1846 916 proportionale8‚
1878 862 2018 910 maxia

686 940 762 970 ma
796 923 992 991 ipsarum
1032 936 1079 968 et
1113 921 1302 968 minima
1336 920 1509 970 duabus
1544 922 1724 987 reliquis
1755 928 1945 995 majores
1976 948 2018 978 e-

566 1005 688 1039 runt.

638 1137 717 1177 Sint
741 1146 896 1189 quatuor
919 1135 1181 1188 magnitudines
1204 1134 1486 1188 proportionales
1511 1138 1591 1184 AB,
1611 1137 1695 1185 CD,
1720 1139 1766 1187 E,
1785 1141 1836 1187 F;
1860 1152 1895 1180 et
1917 1139 1959 1180 fit
1982 1152 2021 1181 ut

571 1206 642 1245 AB
667 1206 711 1244 ad
724 1206 807 1252 CD,
833 1205 879 1243 ita
903 1206 937 1242 E
962 1204 1005 1242 ad
1031 1207 1072 1244 F.
1116 1204 1157 1242 fit
1176 1216 1294 1243 autem
1319 1205 1476 1244 maxima
1500 1203 1649 1259 ipsarum
1674 1209 1752 1254 AB,
1777 1221 1812 1248 ct
1835 1223 2021 1264 propterea

570 1280 585 1298 ²
609 1277 640 1314 F
664 1274 825 1314 minima.
876 1273 973 1311 Dico
997 1275 1064 1312 AB
1089 1285 1123 1311 et
1147 1275 1177 1312 F
1204 1272 1282 1326 ipfis
1308 1274 1380 1312 CD
1405 1285 1439 1312 et
1462 1276 1496 1312 E
1522 1275 1676 1327 majores
1699 1274 1779 1317 esse.

635 1345 797 1380 Ponatur
821 1342 916 1379 enim
940 1340 1002 1393 ipfi
1022 1341 1166 1393 quidem
1187 1344 1220 1379 E
1240 1340 1396 1393 aequalis
1414 1344 1504 1387 AG,
1524 1341 1586 1394 ipsi
1604 1356 1689 1382 vero
1707 1347 1739 1383 F
1758 1345 1913 1398 aequalis
1934 1346 2018 1386 CH.

568 1410 754 1462 Qoniam
777 1409 881 1462 igitur
905 1409 953 1447 est
978 1420 1015 1447 ut
1027 1411 1095 1447 AB
1120 1409 1164 1446 ad
1185 1410 1268 1455 CD,
1293 1409 1339 1446 ita
1357 1411 1390 1446 E
1414 1409 1459 1447 ad
1479 1411 1511 1447 F
1520 1427 1529 1455 ς
1564 1411 1684 1464 estque
1702 1415 1780 1454 AG
1800 1413 1955 1468 aequalis
1973 1417 2020 1462 E,

568 1490 604 1517 et
624 1479 696 1517 CH
721 1475 876 1530 aequalis
899 1479 946 1523 F;
985 1477 1049 1515 crit
1073 1488 1111 1515 ut
1133 1479 1204 1515 AB
1229 1477 1274 1515 ad
1293 1478 1377 1523 CD,
1396 1477 1442 1515 ita
1461 1479 1539 1516 AG
1559 1478 1604 1517 ad
1664 1486 1702 1530 B

568 1548 653 1585 CH.
722 1558 756 1584 et
780 1545 951 1598 quoniam
976 1545 1024 1583 est
1048 1556 1087 1583 ut
1111 1556 1185 1583 tota
1213 1547 1282 1584 AB
1311 1544 1355 1583 ad
1381 1557 1495 1585 totam
1519 1540 1604 1593 CD,
1663 1552 1706 1603 G
1787 1566 1831 1609 D

569 1615 617 1654 ita
641 1614 760 1654 ablata
783 1615 862 1653 AG
883 1613 928 1652 ad
948 1611 1101 1652 ablatam
1120 1615 1193 1653 CH
1201 1630 1211 1659 3
1247 1614 1310 1652 erit
1327 1625 1361 1651 et
1380 1612 1515 1666 reliqua
1534 1616 1604 1653 GB
1751 1644 1795 1685 H

569 1684 614 1723 ad
634 1682 806 1736 reliquam
830 1684 923 1728 HD,
948 1694 988 1720 ut
1007 1693 1079 1720 tota
1096 1684 1163 1721 AB
1177 1681 1222 1721 ad
1241 1693 1352 1720 totam
1373 1678 1388 1704 ¹³
1406 1684 1490 1721 CD.
1527 1697 1604 1721 ma—

563 1754 623 1807 jor
647 1764 764 1792 autem
790 1752 838 1790 est
856 1752 923 1790 AB
945 1765 1054 1803 quam
1080 1753 1170 1797 CD;
1206 1765 1291 1804 ergo
1315 1756 1329 1773 C
1353 1762 1388 1788 ct
1403 1752 1473 1789 GB
1487 1751 1603 1804 major
1802 1629 1824 1870 [

567 1821 632 1861 erit
651 1835 759 1875 quam
785 1822 877 1858 HD.
933 1831 968 1857 et
992 1821 1165 1872 quoniam
1184 1821 1262 1857 AG
1287 1817 1438 1870 aequalis
1467 1820 1515 1857 est
1540 1819 1602 1871 ipsi

567 1892 615 1937 E,
639 1892 712 1929 CH
734 1903 818 1928 vero
838 1886 901 1940 ipsi
926 1889 975 1934 F;
1012 1899 1117 1926 erunt
1130 1888 1207 1926 AG
1229 1898 1263 1925 et
1283 1888 1313 1924 F
1333 1886 1496 1939 aequales
1520 1888 1599 1940 ipsis
1701 1871 1756 1919 Α
1790 1874 1830 1919 C
1884 1874 1925 1922 Ε
1960 1873 2005 1923 F

565 1960 638 1997 CH
658 1970 692 1997 ct
711 1960 755 1997 E.
805 1955 1047 2008 inaequalibus
1072 1957 1175 2009 igitur
1199 1954 1422 1994 existentibus
1443 1957 1523 2002 (ΞΒ,
1543 1958 1636 2003 HD,
1658 1969 1811 2009 quarum
1836 1957 1952 2010 major
1971 1957 2020 1995 est

564 2027 648 2072 GE,
674 2026 699 2064 fi
724 2026 902 2065 addantur
926 2027 1003 2064 AG
1029 2037 1063 2064 et
1088 2027 1119 2064 F
1151 2023 1213 2077 ipfi
1244 2023 1390 2076 quidem
1416 2025 1496 2071 (ΞΒ,
1528 2024 1591 2077 ipsi
1621 2038 1707 2063 vero
1731 2026 1812 2062 HD
1844 2024 2018 2064 addantur

566 2095 639 2132 CH
660 2105 693 2132 et
711 2096 744 2132 E
755 2113 764 2140 3
796 2095 882 2134 fient
901 2096 968 2134 AB
993 2106 1026 2133 et
1052 2097 1083 2134 F
1107 2093 1186 2146 ipsis
1205 2094 1278 2132 CD
1299 2104 1332 2131 ct
1353 2094 1385 2131 E
1405 2094 1566 2147 nmjores.
1604 2093 1630 2132 fi
1647 2093 1751 2146 igitur
1771 2104 1926 2145 quatuor
1946 2092 2017 2132 ἃς.

562 2160 627 2213 Q
645 2163 690 2201 E.
723 2164 773 2200 D.

1764 2299 1933 2339 PROP.
1972 2300 2015 2337 F,
