2111 2755
458 206 745 256 LIBER
800 205 1175 258 SEXTUS.

480 385 648 423 PROP.
685 386 845 439 XXXII„
918 387 1155 430 THEOR.

98 493 192 596 SI
217 493 308 540 cluo
335 492 569 556 triangula,
596 510 710 556 quae
735 496 826 540 duo
850 494 989 542 latera
1008 499 1182 547 duobus
1208 501 1419 552 lateribus
1444 523 1545 569 pro-

206 561 473 624 portionalia
497 561 680 618 habent,
706 579 1040 625 componantur
1063 569 1121 613 ad
1141 587 1284 617 unum
1308 574 1542 637 angulum,

93 631 157 677 ita
182 646 235 677 ut
258 630 503 695 homologa
527 630 666 677 latera
691 631 886 693 ipsorum
905 631 992 680 fint
1011 636 1220 697 parallela
1229 659 1240 695 3
1275 642 1446 706 reliqua
1471 645 1546 692 tri-

92 699 362 764 angulorum
385 700 524 746 latera
548 699 594 745 in
620 699 837 747 direfftum
860 699 941 748 fibi
964 702 1157 751 invicem
1176 722 1323 756 erunt.

157 841 236 880 Sint
259 840 333 879 duo
357 839 530 895 trIangula
554 842 666 888 ABC,
702 842 810 881 DCE
834 857 923 895 quae
949 844 1023 884 duo
1046 845 1152 888 latera
1178 851 1264 898 BA,
1300 855 1371 893 AC
1398 854 1541 897 duobus

88 908 254 950 lateribus
273 911 359 956 CD,
378 911 452 948 DE
471 909 750 962 proportionalia
768 910 936 959 habeant,
955 912 999 953 sc„
1025 914 1066 954 fit
1090 931 1130 955 ut
1152 919 1220 958 BA
1245 920 1291 960 ad
1304 924 1384 971 AC,
1407 924 1454 963 ita
1468 926 1541 964 CD

87 978 132 1018 ad
157 980 252 1025 DE;
287 976 456 1032 parallela
479 990 596 1017 autem
622 978 664 1017 fit
686 980 754 1018 AB
778 979 841 1032 ipsi
865 982 950 1030 DC,
976 994 1010 1022 et
1031 986 1100 1024 AC
1124 986 1187 1039 ipsi
1211 990 1297 1028 DE.
1355 992 1452 1031 Dico
1475 995 1540 1033 BC

87 1046 150 1101 ipsi
173 1049 242 1086 CE
267 1047 304 1086 in
329 1047 500 1086 direftum
519 1045 597 1086 effe.
836 1065 859 1082 c»

154 1116 339 1168 Qoniam
365 1116 461 1154 enim
485 1118 553 1155 AB
577 1112 742 1170 parallela
768 1117 817 1156 est
843 1119 927 1166 DC,
957 1133 992 1160 et
1016 1122 1050 1160 in
1078 1123 1163 1176 ipsas
1186 1125 1310 1166 incidit
1334 1132 1427 1168 reeta
1446 1127 1539 1170 linea

1678 231 1774 282 215

84 1186 169 1232 AC,
194 1195 296 1223 emnt
314 1182 432 1238 anguli
450 1183 575 1224 alterni
593 1186 710 1233 BAC,
724 1187 837 1225 ACD
858 1189 1020 1241 aequales
1039 1191 1129 1231 inter
1146 1191 1220 1241 se³;
1257 1197 1382 1236 eadem
1400 1199 1537 1239 ratione
1550 1218 1576 1239 a.
1594 1216 1644 1249 29.
1660 1217 1687 1240 1.

83 1266 118 1293 et
143 1252 291 1306 angulus
314 1254 423 1292 CDE
447 1252 602 1306 aequalis
632 1254 681 1292 est
706 1253 837 1308 angulo
860 1258 988 1306 ACD;
1024 1275 1135 1313 quare
1161 1274 1195 1301 et
1218 1265 1318 1304 BAC
1341 1266 1405 1318 ipsi
1429 1269 1536 1307 CDE

83 1323 132 1361 est
156 1319 320 1374 aequali&
370 1332 404 1359 et
428 1322 597 1372 quoniam
621 1321 694 1360 duo
718 1322 891 1376 triangula
913 1325 992 1367 sunt
1018 1331 1135 1378 ABC,
1170 1333 1293 1380 DCE,
1328 1348 1443 1374 unum
1473 1349 1536 1375 an-

82 1388 205 1444 gulum
231 1389 275 1428 ad
300 1391 338 1428 A
361 1389 421 1427 uni
445 1389 490 1427 ad
508 1391 548 1427 D
574 1388 760 1442 aequalem
785 1390 852 1430 ha-

84 1458 217 1505 bentia,
252 1457 383 1496 circum
411 1455 575 1510 aequales
597 1470 714 1496 autem
739 1473 850 1512 angu-
915 1418 959 1464 Α

84 1525 137 1565 los
169 1525 275 1565 latera
305 1523 595 1577 proportionalia,
632 1525 757 1566 scilicet
781 1528 850 1567 BA
1263 1534 1303 1572 D

81 1595 126 1633 ad
151 1596 233 1639 AC,
258 1604 297 1631 ut
315 1595 387 1632 CD
411 1592 457 1631 ad
478 1595 551 1632 DE
560 1611 569 1640 ;
606 1595 670 1632 erit
695 1595 849 1647 triangu-

82 1661 155 1701 lum
177 1663 278 1701 ΑΒΕ
299 1660 477 1714 triangulo
501 1663 608 1701 DCE
633 1663 848 1716 aequiangu-
1021 1703 1026 1714 x

81 1729 158 1770 lum
168 1726 195 1768 b.
235 1732 335 1781 Ergo
349 1731 448 1768 ABC
463 1729 610 1782 angulus
624 1731 671 1768 est
690 1730 843 1783 aequalis
1003 1729 1042 1771 B
1317 1731 1356 1770 C
1449 1727 1490 1766 Ε
1545 1746 1573 1777 b.
1588 1746 1618 1778 6.
1632 1747 1662 1779 6.

80 1796 214 1851 angulo
240 1799 360 1836 DCE.
420 1797 573 1837 ostensus
605 1811 720 1837 autem
753 1800 802 1837 est
833 1812 867 1839 et
898 1799 1046 1852 angulus
1077 1802 1184 1840 BAC
1214 1800 1369 1855 aequalis
1400 1802 1532 1856 angulo

78 1869 202 1907 ACD.
250 1877 344 1904 totus
368 1866 470 1920 igitur
493 1868 596 1906 ACE
622 1867 760 1906 duobus
783 1870 896 1915 ABC,
920 1870 1021 1908 BAC
1046 1869 1094 1907 est
1118 1869 1281 1922 aequalis.
1332 1872 1532 1912 communis

77 1946 275 1988 apponatur
299 1937 417 1980 ACB3
453 1950 537 1988 ergo
561 1935 682 1989 anguli
710 1938 830 1983 ACE,
865 1938 965 1976 ACB
990 1937 1128 1991 angulis
1152 1941 1262 1983 ABG,
1287 1942 1406 1989 BAC,
1429 1941 1531 1981 ACB

77 2002 240 2056 aequales
263 2002 351 2042 sunt.
390 2001 447 2041 sed
467 2005 579 2047 ΑΒΕ,
603 2006 715 2051 BAC,
739 2007 840 2044 ACB
862 2005 984 2059 anguli
1008 2006 1149 2045 duobus
1174 2008 1273 2047 reffls
1294 2007 1375 2049 sunt
1398 2024 1529 2063 aequa-

75 2072 166 2120 les⁰;
202 2084 235 2111 et
255 2070 374 2125 anguli
398 2071 499 2125 igitur
522 2074 639 2120 ACE,
667 2075 770 2112 ACB
794 2074 932 2113 duobus
956 2075 1053 2114 renis
1071 2075 1234 2129 aequales
1252 2089 1366 2117 erunt.
1408 2080 1526 2131 itaque

76 2141 121 2181 ad
145 2141 324 2194 quandam
351 2144 480 2179 rafiam
504 2139 634 2179 lineam
660 2143 741 2188 AC,
768 2154 802 2181 ct
826 2144 869 2182 ad
890 2148 1060 2196 punstum
1084 2145 1121 2183 in
1144 2144 1213 2198 ipsa
1240 2148 1283 2194 C,
1303 2147 1393 2187 duae
1416 2152 1529 2187 reetae

76 2208 188 2251 lineae
205 2211 278 2260 BC,
316 2211 383 2249 CE
407 2224 484 2249 non
509 2210 552 2249 ad
579 2208 716 2251 casdem
751 2223 867 2267 partes
900 2212 1045 2267 positae,
1081 2213 1230 2270 angulos
1263 2217 1327 2271 qni
1363 2217 1527 2268 deinceps

1447 2281 1525 2324 sunt

1540 2094 1683 2126 c.32.1.,
