2111 2755
247 230 345 284 374

926 208 1464 257 NOTAE.

466 308 490 329 “
514 300 737 359 portionibus
762 297 982 353 aequalibus,
1017 311 1053 340 et
1078 299 1124 340 fic
1148 299 1329 354 deinceps:
1372 302 1420 340 ita
1444 314 1587 355 quoque
1609 301 1636 342 si
1658 315 1841 357 ponantur
1863 318 1922 346 or-

467 379 492 399 “
517 374 600 412 dine
624 369 739 425 plures
762 369 1028 423 magnitudines
1059 368 1215 424 ejusdem
1241 371 1379 424 generis
1403 384 1479 410 non
1503 371 1799 424 proportionales,
1833 374 1927 414 dice-

468 447 490 466 “
514 454 570 482 tur
593 441 708 495 prima
732 438 778 479 ad
802 437 965 478 ultimam
983 437 1116 478 habere
1139 440 1414 492 proportionem
1439 438 1674 493 compositam
1693 455 1736 480 ex
1759 442 1929 482 omnibus

469 515 493 535 “
517 507 814 565 proportionibus
838 506 1250 558 intermediis,-.solum
1272 523 1353 547 eam
1376 507 1426 548 ob
1449 507 1601 556 causam,
1624 509 1725 562 quod
1750 508 1828 550 illae
1846 526 1931 564 pro-

470 584 493 604 “
517 579 701 634 portiones
731 577 960 618 intermediae
995 575 1076 617 sunt
1100 577 1191 617 inter
1214 589 1391 618 extremas
1427 578 1515 617 duas
1538 578 1802 632 magnitudines
1825 580 1932 620 inter-

470 653 493 671 “
514 650 645 703 jeftae5
681 646 991 701 quemadmodum
1017 647 1243 686 Definitione
1275 659 1288 685 1
1306 652 1390 695 0⁰¹²,
1416 646 1498 686 Lib.
1524 660 1562 696 5.
1587 647 1775 700 proportio
1797 648 1933 701 primae

470 721 493 740 “
519 717 565 758 ad
589 718 731 757 tertiam
751 715 933 756 dicebatur
956 714 1148 768 duplicata,
1184 715 1256 755 hoc
1280 713 1356 755 solo
1380 717 1539 764 nomine,
1564 716 1646 769 quia
1670 716 1759 755 duae
1785 730 1935 770 propor-

470 790 494 810 “
519 787 634 827 tiones
656 783 818 839 aequales
848 783 1073 838 interpositae
1102 784 1183 824 sunt
1216 785 1306 825 inter
1334 797 1506 825 extremas
1538 785 1623 825 duas
1655 785 1934 839 magnitudines:

469 859 494 878 “
520 855 613 896 adeo
636 866 676 895 ut
699 869 776 895 non
800 853 843 894 fit
864 852 960 893 aliud
984 852 1168 893 discrimen
1186 854 1278 893 inter
1296 853 1391 893 hanc
1410 853 1711 906 compositionem
1730 855 1936 908 proportio-

471 928 494 948 “
519 939 621 973 num,
645 936 681 964 et
703 921 804 963 illam
830 921 1121 975 duplicationem,
1147 920 1419 975 triplicationem
1443 922 1516 962 &c.
1542 937 1632 976 quae
1656 921 1771 962 Libro
1793 928 1853 973 5ιο
1876 937 1936 964 ex-

473 998 498 1017 “
521 992 649 1047 plicata
673 993 733 1039 est,
758 1006 869 1044 quam
894 990 997 1044 quod
1020 991 1057 1030 in
1088 990 1341 1045 duplicatione,
1373 990 1605 1045 triplicatione
1631 990 1703 1031 &o
1734 993 1937 1045 proportio-

474 1067 498 1085 “
522 1077 624 1110 num,
661 1061 924 1114 interjiciuntur
955 1062 1208 1114 proportiones
1245 1075 1372 1100 omnes
1402 1059 1575 1114 aequaleS‚
1612 1061 1649 1099 in
1674 1061 1936 1114 compositione

472 1135 495 1155 “
519 1144 604 1170 vero
628 1130 906 1184 proportionum
930 1144 1006 1169 non
1032 1128 1169 1169 necesse
1195 1130 1242 1169 est
1266 1129 1486 1183 interpositas
1510 1127 1674 1183 aequales
1697 1127 1798 1168 effe.”
1860 1131 1938 1170 Ed-

472 1199 629 1243 mundus
658 1213 743 1239 vero
767 1198 972 1253 Scarburgh
996 1199 1034 1238 in
1058 1197 1211 1238 Euclide
1234 1196 1296 1238 suo
1323 1197 1495 1253 Anglioe,
1531 1213 1636 1253 pagg.
1677 1211 1700 1236 2
1714 1198 1787 1247 38,
1826 1198 1938 1248 266,

471 1281 593 1323 aperte
617 1269 772 1309 affirmat
797 1268 1062 1308 Definitionem
1093 1281 1130 1317 5.
1156 1266 1239 1307 Lib.
1269 1267 1309 1307 6.
1346 1267 1600 1321 supposititiam
1634 1265 1714 1315 esse,
1751 1280 1786 1307 et
1819 1281 1937 1308 veram

474 1338 619 1377 rationis
654 1337 873 1390 compositae
897 1337 1175 1385 Definitionem,
1211 1338 1248 1376 in
1283 1337 1510 1376 Definitione
1555 1349 1568 1376 1
1586 1350 1625 1375 0.
1651 1335 1735 1376 Lib.
1761 1348 1799 1386 5.
1831 1337 1937 1377 ratio-

473 1406 530 1445 nis
553 1404 682 1446 scilicet
706 1404 918 1458 duplicatae,
943 1406 1131 1452 contineri,
1155 1404 1210 1445 vel
1234 1420 1278 1445 ex
1301 1420 1342 1445 ea
1364 1404 1698 1459 subintelligendam
1721 1403 1801 1454 esse,
1825 1420 1871 1445 eo
1888 1406 1938 1446 vi-

473 1472 602 1514 delicet
619 1474 733 1513 modo
759 1488 834 1525 quo
860 1472 1003 1512 Clavius
1026 1489 1105 1514 eam
1128 1475 1166 1513 in
1197 1474 1429 1528 praecedente
1451 1474 1617 1514 citatione
1641 1471 1833 1526 explicavit.
1882 1475 1936 1515 Hi

474 1554 594 1582 autem
613 1554 648 1582 et
664 1541 724 1582 alii
737 1541 968 1581 Recentiores
986 1541 1234 1582 definitionem
1258 1543 1357 1582 istam
1376 1545 1470 1591 5tam’
1483 1541 1567 1581 Lib.
1587 1540 1626 1580 6.
1652 1540 1755 1581 simul
1773 1543 1935 1592 retinent,

469 1610 687 1665 prolixisque
718 1610 996 1650 Commentariis
1032 1608 1216 1661 illustrant,
1250 1626 1362 1665 quum
1397 1612 1514 1665 potius
1549 1624 1630 1650 eam
1661 1624 1705 1650 ex
1739 1609 1938 1652 Elementis

475 1679 644 1720 sustulisse
667 1678 877 1720 debuissent.

544 1750 706 1798 Etenim,
729 1749 976 1803 comparando
994 1749 1255 1789 Definitionem
1278 1763 1314 1799 5.
1342 1748 1424 1789 Lib.
1451 1748 1490 1787 6.
1516 1764 1600 1789 cum
1624 1749 1872 1802 Propositione
1894 1762 1934 1800 5.

474 1817 559 1858 Lib.
587 1818 628 1857 8.
653 1817 744 1858 clare
770 1818 953 1873 apparebit
975 1819 1238 1858 Definitionem
1264 1820 1363 1858 istam
1387 1817 1641 1872 supposititiam
1660 1816 1739 1857 esse.
1781 1821 1877 1858 Nam
1898 1820 1936 1859 in

474 1888 722 1941 Propositione
752 1887 811 1928 illa
842 1888 1101 1927 demonstratur
1129 1902 1319 1927 numerum
1350 1886 1496 1942 planum
1529 1888 1628 1941 cujus
1658 1885 1764 1926 latera
1787 1885 1867 1927 sunt
1891 1889 1936 1936 C,

475 1958 517 1995 D
540 1957 672 1997 habere
696 1957 740 1997 ad
761 1971 951 1996 numerum
975 1955 1121 2010 planum
1146 1957 1245 2010 cujus
1269 1956 1372 1996 latera
1396 1956 1475 1996 sunt
1498 1958 1544 2005 E,
1585 1956 1618 1994 Z
1650 1953 1737 2009 (vid.
1764 1957 1934 2011 Hervagii

477 2039 538 2066 ant
563 2027 730 2080 Gregorii
754 2025 983 2081 Editionem)
1021 2026 1194 2065 rationem
1218 2025 1454 2079 compositam
1480 2039 1523 2064 ex
1553 2023 1747 2064 rationibus
1771 2023 1932 2074 laterum,

479 2091 550 2135 hoc
575 2097 622 2134 est
645 2110 689 2134 ex
712 2095 907 2136 rationibus
932 2097 964 2135 C
989 2095 1034 2135 ad
1056 2097 1103 2145 E,
1124 2106 1158 2134 et
1177 2097 1216 2134 D
1240 2095 1284 2134 ad
1306 2097 1351 2134 Z.
1391 2095 1481 2134 ratio
1498 2108 1583 2134 vero
1601 2093 1797 2146 composita
1817 2109 1860 2133 ex
1878 2109 1933 2134 ra-

478 2163 636 2204 tionibus
655 2165 686 2203 C
706 2166 750 2204 ad
772 2168 818 2212 E,
842 2177 877 2204 et
901 2167 940 2204 D
965 2164 1010 2204 ad
1030 2166 1075 2211 Z,
1099 2179 1144 2204 ex
1165 2162 1253 2203 Def.
1279 2177 1315 2213 5.
1341 2163 1423 2203 Lib.
1454 2163 1492 2202 6.
1515 2175 1549 2203 et
1568 2161 1801 2216 explicatione
1820 2177 1931 2216 quarn

479 2232 634 2287 ejusdem
658 2234 800 2274 tradunt
823 2248 950 2274 omnes
973 2235 1296 2282 CommentatoreS,
1322 2234 1370 2273 est
1392 2233 1482 2273 ratio
1505 2232 1646 2273 numeri
1669 2230 1753 2271 faeti
1776 2246 1819 2270 ex
1841 2230 1933 2271 mui-

1718 2298 1933 2353 tiplicatione
