2111 2755
639 208 1032 257 EUCLIDIS
1078 207 1742 261 ELEMENTORUM

541 301 630 338 Duo
653 299 749 337 enim
775 295 895 336 circuli
921 299 1037 344 ABG,
1069 299 1182 337 CDG
1213 296 1246 337 se
1276 296 1427 337 invicem
1450 297 1566 340 secent
1587 303 1624 341 in
1647 302 1782 356 punctis
1805 302 1847 350 Β,
1871 303 1915 342 C.

471 368 552 408 dico
575 365 730 420 ipsortm1
753 366 849 404 idem
872 377 1036 404 centrum
1060 380 1136 405 non
1161 364 1240 405 effe.

538 436 575 475 Si
599 436 695 473 enim
720 433 796 472 fieri
818 434 944 488 potest,
976 433 1018 473 fit
1041 445 1202 473 centrum
1226 435 1280 480 E;
1306 434 1545 490 jungaturque
1571 439 1651 485 EC,
1675 449 1710 477 et
1732 440 1840 478 EFG
1865 450 1922 477 ut-

469 518 609 555 cunque
633 502 792 541 ducatur.
840 514 875 541 et
894 503 1066 555 quoniam
1088 505 1122 542 E
1142 515 1305 542 centrum
1323 504 1372 542 est

469 570 587 610 circuli
605 572 720 619 ΑΒΕ,
746 571 810 610 erit
828 572 898 610 CE
915 571 980 625 ipfi
1000 573 1069 611 EF
1092 570 1257 625 aequalis.
1297 585 1379 610 rur—

466 638 520 680 sus
538 640 710 693 quoniam
724 642 759 679 E
773 651 937 679 centrum
960 641 1008 679 est
1026 642 1141 679 CDG
1161 639 1293 688 circuli,
1314 653 1371 679 ae-

468 707 583 763 qualis
607 709 655 747 est
679 710 747 748 CE
771 707 835 761 ipsl
855 710 943 748 EG.
993 706 1051 747 sed
1075 707 1208 748 ostensa
1233 710 1281 748 est
1303 709 1371 747 CE

472 775 631 830 aequalis
654 779 748 828 EF3
773 790 859 830 ergo
882 779 952 816 FE
971 776 1035 830 ipfi
1060 778 1136 816 EG
1165 776 1317 830 aequalis
1336 791 1371 815 e-

469 846 526 894 rit,
545 846 664 885 minor
676 846 813 900 majori,
833 845 932 899 quod
948 845 1023 885 fieri
1041 859 1116 884 non
1138 847 1261 899 potest.
1294 859 1371 884 non

471 915 575 968 igitur
606 918 777 967 punctum
806 916 842 953 E
877 926 1040 954 centrum
1078 914 1126 952 est
1156 913 1368 953 circulorum

473 984 590 1031 ABG,
614 984 739 1022 CDG.
789 982 817 1022 fi
839 983 945 1036 igitur
968 982 1041 1022 duo
1065 981 1185 1022 circuli
1209 982 1282 1022 &a
1331 982 1390 1034 Q
1406 980 1453 1020 E.
1477 982 1530 1021 D.

899 1096 1074 1134 PROP.
1111 1096 1178 1134 VI.
1251 1093 1488 1135 THEOR.

468 1180 551 1276 SI
576 1180 668 1227 duo
694 1179 849 1228 circuli
872 1181 958 1229 sese
981 1181 1100 1231 intra
1123 1182 1407 1247 contingant,
1443 1181 1643 1246 ipsorum
1673 1181 1796 1232 idem
1823 1202 1923 1235 cens-

572 1263 695 1298 trum
719 1268 812 1299 non
836 1266 949 1302 ent„

538 1393 628 1431 Duo
651 1393 748 1432 enim
772 1393 890 1434 circuli
917 1396 1032 1443 ABC,
1064 1396 1182 1435 CDE‘
1201 1396 1411 1452 contingant
1440 1394 1508 1437 sese
1531 1396 1622 1435 intra
1651 1395 1688 1434 in
1718 1401 1853 1449 pun6to
1876 1401 1920 1440 C.

469 1459 550 1498 dico
573 1459 729 1512 Ipsorum
754 1477 830 1501 non
857 1462 926 1502 esse
950 1464 1046 1502 idem
1069 1475 1243 1504 centrum.

535 1529 571 1567 Si
595 1530 692 1568 enim
716 1529 792 1569 fieri
815 1532 939 1584 potest,
959 1532 1000 1571 fit
1018 1534 1068 1580 F;
1094 1533 1335 1587 jungaturque
1363 1536 1441 1582 FC,
1471 1545 1506 1572 et
1523 1534 1622 1572 FEB
1647 1544 1832 1586 utcunque
1856 1533 1922 1574 du-

466 1609 576 1637 catur.
642 1599 828 1650 Quoniam
859 1601 1020 1654 igitur-F
1043 1614 1206 1641 centrum
1229 1603 1278 1641 est
1301 1602 1420 1642 circuli
1672 1607 1701 1639 0

465 1668 578 1713 ABC,
604 1666 759 1720 aequalis
778 1669 826 1706 est
838 1670 903 1708 CF
920 1669 983 1722 ipfi
1003 1671 1076 1709 FB.
1114 1669 1227 1709 rursus
1246 1672 1419 1723 quoniam

465 1736 498 1773 F
503 1761 505 1763 >
522 1746 684 1775 centrum
707 1737 756 1776 est
786 1736 905 1776 circuli
928 1739 1050 1787 CDE,
1081 1739 1145 1778 erit
1171 1741 1236 1778 CF
1267 1738 1418 1792 aequalis
1891 1784 1895 1789 ,

464 1805 544 1843 FE.
588 1803 723 1844 ostensa
742 1817 863 1845 autem
882 1807 931 1845 est
949 1809 1014 1847 CF
1039 1806 1301 1860 aequalisFB3
1330 1822 1418 1862 ergo
1457 1836 1507 1882 A
1859 1777 1889 1818 B

465 1884 501 1914 et
519 1874 586 1912 FE
605 1873 668 1926 ipfi
692 1876 754 1914 FB
774 1876 822 1914 est
840 1874 1006 1929 aequalis,
1024 1876 1142 1915 minor
1161 1877 1299 1929 majori,
1319 1878 1417 1929 quod

466 1940 541 1979 fieri
565 1956 641 1981 non
665 1944 790 1996 potest.
850 1958 926 1983 non
951 1945 1058 1998 igitur
1081 1947 1113 1984 F
1135 1949 1310 1999 punctum
1334 1960 1417 1985 cen-

465 2019 558 2051 trum
581 2012 629 2051 est
653 2011 870 2054 circulorum
885 2015 1001 2063 ABC,
1020 2015 1140 2058 CDE.
1183 2013 1211 2053 fi
1228 2014 1335 2070 igitur
1353 2014 1428 2057 duo
1446 2014 1568 2057 circuli
1591 2015 1664 2055 &c.
1713 2016 1829 2067 QEa
1844 2019 1903 2056 Dc

1619 2223 1648 2262 P
1658 2221 1696 2260 R
1706 2221 1742 2262 O
1751 2222 1792 2261 P.
1829 2221 1923 2263 VH..
