2111 2755
467 203 752 253 LIBER
810 197 1246 250 TERTIUS.
1442 204 1444 207 ·
1751 213 1816 265 95

136 294 236 351 gulos
260 293 408 334 ducatur
420 289 437 317 b
452 296 538 341 DB,
561 304 595 332 et
609 294 673 332 AB
689 291 866 347 jungatur.
916 289 942 329 fi
965 290 1069 344 igitur
1087 289 1111 314 ’κ’
1129 287 1251 342 anguli
1268 289 1389 336 ABD,
1407 288 1515 328 BAD
1533 287 1586 328 in·
1600 281 1744 364 {gig-11·

137 376 190 404 ter
213 362 246 403 se
270 362 433 417 aequales
457 361 598 410 fuerint,
626 362 691 400 erit
714 365 807 400 recta
832 362 905 399 BD
930 358 1083 412 aequalis
1103 365 1116 381 ⁰
1135 357 1198 411 ipfi
1223 360 1318 405 DA,
1342 370 1377 397 et
1400 369 1584 411 propterea
1599 379 1624 399 c.
1643 349 1737 400 6.'1.⁰

136 432 199 486 ipfi
217 434 300 472 DC.
337 445 372 471 et
396 432 569 485 quoniam
594 443 660 469 tres
685 433 800 469 rectae
823 428 934 468 lineae
960 430 1048 475 DA,
1073 429 1156 477 DB,
1181 429 1252 466 DC
1272 426 1350 466 sunt
1368 427 1458 466 Inter
1475 426 1508 466 se
1527 441 1585 466 ae-

135 499 268 554 quales,
299 502 362 540 erit
385 503 424 540 D
455 511 618 539 centrum
640 492 792 536 circulid.
846 508 970 535 centro
988 497 1092 549 igitur
1112 499 1162 543 D,
1180 495 1365 535 intervallo
1384 508 1500 535 autem
1521 497 1581 536 uni
1594 496 1623 526 d.
1636 505 1711 537 9·3-

133 568 287 623 ipsarum
312 572 401 615 DA,
426 570 509 614 DB,
534 568 605 606 DC
628 563 774 618 aequali,
810 562 958 603 circulus
983 561 1213 615 describatur3
1250 563 1408 603 tranfibit
1431 565 1488 604 hle
1519 579 1581 618 per

133 636 268 692 reliqua
302 640 444 692 puncta,
479 647 514 675 et
548 632 695 675 circulus
730 633 826 687 cujus
850 631 1070 686 segmentum
1095 633 1143 670 cst
1170 633 1271 670 ΑΒΕ
1296 632 1482 685 descriptus
1506 635 1581 673 erit.

133 707 303 760 quoniam
326 719 411 745 vero
433 717 593 745 centrum
618 705 657 741 D
681 703 729 741 est
751 702 789 740 in
813 700 883 754 ipsa
909 702 993 748 AC,
1023 700 1088 739 erit
1110 701 1210 739 ABC
1234 700 1450 754 segmentum
1480 701 1580 742 semi-

132 773 292 814 circulus.
328 774 355 813 fi
379 785 497 813 autem
516 772 539 797 '5³4
559 769 678 825 anguli
695 772 817 817 ABD,
840 771 956 808 BAD
979 769 1071 808 inter
1093 767 1126 808 se
1149 767 1351 821 inaequales
1369 767 1511 818 fuerint,
1535 771 1580 810 ad
1594 774 1610 791 ³⁵
1627 773 1686 813 Fig.
1701 783 1728 810 2,
1741 776 1771 817 3}

129 846 260 882 rectam
284 841 415 882 lineam
436 843 504 882 AB
524 853 629 894 atque
653 839 699 878 ad
716 841 888 892 punctum
906 838 944 876 in
962 852 1002 877 ea
1017 840 1055 877 A
1068 838 1296 877 constituatur
1314 837 1464 892 angulus
1476 841 1579 880 BAE

130 909 283 964 aequalis
308 909 439 966 angulo
463 916 477 934 e
503 912 628 956 ABD,
664 919 699 947 et
730 909 802 947 DB
832 906 877 946 ad
907 908 942 945 E
976 906 1202 960 producatur,
1234 906 1475 961 jungaturque
1499 909 1578 948 EC.
1593 920 1618 939 0·
1636 919 1726 949 23·1=

130 980 319 1033 Qoniam
341 981 446 1036 igitur
469 978 616 1035 angulus
644 978 750 1017 ABE
775 977 824 1016 est
859 974 1014 1030 aequalis
1048 973 1179 1030 angulo
1202 977 1319 1024 ΒΑΕ,
1355 977 1420 1016 erit
1457 988 1492 1017 et
1514 979 1580 1018 BE

481 1061 502 1098 3
929 1056 953 1083 2
1313 1058 1327 1084 1

382 1125 562 1266 7³2³*
861 1162 905 1211 Β
942 1228 945 1230 q
1241 1163 1285 1208 Β

236 1246 475 1449 Ab?
563 1268 626 1414 lc
691 1210 1472 1418 AQCAAEDEC

131 1529 221 1567 seua
243 1523 336 1564 linea
358 1524 422 1577 ipsl
447 1526 521 1563 EA
544 1523 695 1577 aequalis
705 1531 729 1563 Ε.
767 1537 802 1564 ct
825 1526 996 1578 quoniam
1020 1527 1099 1565 AD
1123 1526 1171 1566 est
1195 1523 1348 1578 aequalis
1371 1526 1454 1573 DC,
1478 1540 1576 1566 com-

129 1595 247 1635 munis
266 1604 383 1631 autem
396 1594 484 1637 DE,
507 1592 595 1630 duae
612 1595 705 1640 AD,
723 1595 800 1632 DE
819 1592 957 1633 duabus
976 1596 1062 1641 CD,
1084 1597 1159 1634 DE
1177 1592 1338 1648 aequales
1356 1593 1445 1641 sunt,
1469 1593 1576 1634 altera

127 1663 244 1709 alteri5
280 1673 315 1701 et
338 1659 485 1714 angulus
507 1662 624 1699 ADE
643 1661 691 1698 est
715 1660 866 1714 aequalis
890 1661 1024 1715 angulo
1041 1664 1165 1710 CDE,
1185 1667 1296 1701 rectus
1314 1663 1411 1701 enlm
1429 1674 1576 1716 uterque

129 1733 193 1779 est;
229 1729 332 1784 igitur
354 1741 389 1768 et
413 1728 500 1767 basis
524 1731 598 1767 ΑΕ
624 1727 697 1767 bafi
721 1731 787 1769 EC
812 1730 860 1768 est
883 1725 1065 1784 aequaliss.
1107 1729 1163 1770 sed
1187 1728 1321 1769 ostensa
1345 1731 1393 1769 est
1416 1732 1491 1770 ΑΕ
1516 1746 1572 1772 ae·
1585 1742 1607 1773 f.
1623 1751 1654 1781 4.
1675 1751 1700 1771 1.

127 1798 238 1854 qualis
262 1801 339 1845 ΕΒ,
370 1811 475 1850 quare
499 1809 533 1835 et
555 1799 621 1836 BE
646 1797 708 1850 ipfi
734 1799 800 1837 EC
825 1799 873 1837 est
896 1797 1048 1851 aequalis
1057 1816 1066 1846 ;
1097 1813 1137 1838 ac
1160 1811 1346 1852 propterea
1371 1810 1438 1838 tres
1461 1804 1575 1841 rectae

127 1868 239 1908 lineae
263 1869 347 1914 AE,
386 1868 463 1913 ΕΒ,
499 1867 566 1905 EC
590 1867 679 1905 inter
707 1865 739 1905 fi:
764 1865 924 1919 aequales
948 1865 1047 1914 sunt;
1083 1882 1191 1920 quare
1216 1879 1251 1906 et
1275 1869 1310 1906 E
1335 1880 1496 1908 centrum
1526 1871 1575 1909 est

127 1930 284 1976 circulid.
343 1947 467 1974 centro
489 1935 592 1988 igitur
618 1938 664 1982 Ε,
688 1934 870 1975 intervallo
894 1947 1015 1975 autem
1040 1937 1100 1975 uni
1124 1935 1273 1990 ipsarum
1296 1939 1382 1986 ΑΕ,
1408 1939 1484 1986 ΕΒ,
1508 1940 1576 1979 EC

128 2003 277 2058 aequali,
300 2004 448 2043 circulus
473 2002 694 2052 describatur,
718 2005 775 2043 hic
793 2018 854 2058 per
872 2003 1004 2058 reliqua
1022 2004 1182 2044 tranfibit
1204 2008 1346 2058 puncta,
1370 2018 1404 2046 et
1426 2006 1576 2047 clrculus

128 2076 225 2128 cujus
249 2071 467 2126 segmentum
491 2073 539 2110 est
558 2074 657 2112 ΑΒΕ
677 2072 863 2127 descriptus
887 2074 962 2113 erit.
999 2086 1034 2113 et
1056 2072 1282 2114 manifestum
1305 2075 1354 2113 est
1376 2074 1403 2114 fi
1427 2075 1576 2130 angulus

129 2144 236 2183 ABD
260 2143 375 2196 major
407 2139 512 2180 fuerit
535 2140 665 2195 angulo
689 2143 807 2189 BAD,
843 2154 1002 2182 centrum
1024 2145 1059 2182 E
1082 2143 1208 2183 cadere
1230 2155 1327 2183 extra
1358 2142 1576 2199 segmentum

135 2212 249 2260 ABG,
274 2210 371 2264 quod
392 2222 580 2265 propterea
604 2210 719 2250 minus
742 2212 805 2252 crit
827 2209 1051 2253 semicirculo.
1105 2212 1132 2255 fi
1156 2224 1274 2253 autem
1299 2212 1447 2267 angulus
1469 2214 1578 2251 ABD

1460 2295 1577 2321 mmor
