2111 2755
624 175 1155 226 NOTAE.

101 302 105 306 r
164 281 333 324 tanquam
356 264 604 322 Propofitione
625 265 845 312 elementarI,
883 265 956 306 fine
979 264 1279 310 demonstratione
1309 265 1418 308 utitur
1439 265 1479 309 in
1498 268 1606 322 Prop.

166 351 188 390 3
203 351 241 392 9.
263 336 347 379 Lib.
376 349 418 388 7.
454 333 717 378 Collestionum
740 334 1088 375 Mathematicarum.

577 448 744 488 PROP.
781 447 866 486 VII.
938 448 1047 486 LIB.
1085 446 1151 485 VI.
1186 445 1192 452 ”

229 539 360 582 Casum
383 538 564 588 omissum,
600 551 635 578 et
673 540 711 579 in
745 536 1102 579 demonstrationibus
1135 552 1213 579 non
1247 552 1327 580 raro
1349 552 1606 592 occurrentem,

160 609 243 651 huic
265 609 503 664 Propositioni
526 608 734 649 addidimus,

580 719 752 758 PROP.
788 718 893 757 VIII.
968 719 1079 758 LIB.
1114 719 1181 757 VI.

225 810 462 854 Manifestum
495 810 545 850 est
581 809 736 864 aliquem
770 807 918 850 mutasse
940 809 1280 850 demonstrationem
1302 826 1414 865 quam
1437 810 1611 856 Euclides-

156 883 260 936 hujus
282 879 536 934 Propofitionis
560 878 717 919 dederat.
764 879 912 919 Etenim
932 882 1052 918 auctor
1074 880 1150 931 ejus
1173 880 1359 934 postquam
1383 880 1606 923 demonstra·

155 963 248 991 verat
272 947 444 1003 triangula
468 945 536 987 effe
559 948 649 987 inter
672 945 705 987 se
722 946 965 1001 aequiangula,
990 946 1228 1001 particulatim
1246 949 1398 989 ostendit
1415 948 1524 989 latera
1542 964 1603 990 eo-

154 1034 232 1060 rum
255 1019 345 1058 circa
369 1014 532 1069 aequales
556 1015 707 1070 angulos
729 1014 1006 1070 proportionalia
1030 1014 1110 1064 effe,
1146 1016 1244 1071 quafi
1273 1017 1344 1057 hoc
1367 1032 1443 1056 non
1469 1016 1603 1059 fastum

153 1085 269 1128 fuisset
291 1087 328 1125 in
352 1084 600 1138 propositione
623 1097 747 1139 quarta
769 1085 876 1139 hujus
899 1083 1014 1125 Libri.
1074 1085 1162 1126 haec
1185 1097 1304 1125 autem
1329 1084 1501 1139 superflua
1523 1101 1602 1128 non

153 1156 378 1198 inveniuntur
400 1155 438 1194 in
460 1152 618 1194 versione
640 1168 685 1194 ex
707 1153 829 1209 lingua
846 1153 1003 1195 Arabica
1026 1165 1062 1194 et
1084 1169 1180 1196 nunc
1203 1153 1327 1197 omissa
1349 1153 1441 1197 sunt.

592 1265 764 1306 PROP.
802 1267 868 1306 IX.
943 1267 1054 1306 LIB.
1091 1267 1158 1307 VI.

225 1357 498 1399 Demonstratio
521 1356 625 1411 hujus
643 1355 735 1397 faeta
758 1357 807 1397 est
829 1357 866 1396 in
889 1355 969 1397 casu
991 1357 1200 1411 particulari,
1221 1359 1261 1398 in
1285 1371 1359 1411 quo
1380 1356 1508 1399 stilicet
1525 1372 1606 1412 pars

155 1428 254 1470 tertia
277 1424 512 1466 abscindenda
535 1426 583 1465 est
603 1440 624 1465 a
642 1425 723 1465 data
745 1429 858 1473 resta3
892 1440 1001 1480 quare
1019 1427 1168 1467 minime
1186 1427 1324 1466 videtur
1341 1426 1499 1466 Euclidis
1522 1426 1604 1468 esse.

154 1499 336 1537 Praeterea
358 1495 396 1534 in
420 1505 572 1548 quatuor
593 1493 898 1548 magnitudinibus
921 1494 1244 1548 proportionalibus
1267 1494 1449 1536 concludit
1465 1498 1604 1538 Auctor

156 1564 295 1605 tertiam
324 1577 439 1616 aeque
473 1560 704 1616 multiplicem
736 1560 804 1602 effe
839 1573 998 1616 quartae,
1035 1575 1140 1616 atque
1175 1565 1291 1617 prima
1327 1564 1376 1603 est
1410 1562 1605 1613 secundae;

157 1632 255 1687 quod
278 1631 425 1684 quidem
448 1631 486 1670 in
505 1630 619 1670 Libro
635 1634 704 1680 520,
723 1643 762 1670 ut
779 1646 862 1671 eum
880 1646 976 1671 nunc
995 1631 1178 1680 habemus,
1196 1631 1322 1672 nullibi
1343 1630 1522 1672 ostensum
1541 1633 1603 1674 est.

155 1699 214 1741 sed
233 1700 315 1747 hoe,
339 1712 378 1739 ut
401 1699 480 1748 alia,
503 1697 643 1739 assumit
662 1700 793 1740 Editor
816 1714 859 1739 ex
882 1698 1095 1741 confusanea
1114 1701 1207 1755 apud
1224 1699 1346 1756 vulgus
1364 1713 1502 1754 recepta
1518 1715 1602 1755 pro-

154 1767 412 1823 portionalium
430 1768 589 1807 notione.
642 1768 842 1821 generalem
860 1769 966 1823 igitur
984 1782 1019 1809 et
1035 1769 1231 1825 legitimam
1244 1769 1599 1811 Demonstrationem

156 1837 261 1892 hujus
280 1835 534 1890 Propofitionis
554 1836 689 1876 tradere
712 1835 847 1877 necesse
870 1835 948 1876 fuit.

582 1950 750 1989 PROP.
786 1949 929 1988 XVIII.
966 1950 1072 1988 LIB.
1109 1950 1176 1989 VI.

226 2040 496 2080 Demonstratio
519 2039 625 2093 hujus
656 2041 774 2080 vitiata
803 2041 951 2080 videtur.
1010 2055 1095 2080 nam
1126 2042 1163 2080 in
1188 2040 1426 2095 quadrilateris
1449 2054 1600 2092 tantum,

155 2109 347 2151 ostenditur
369 2107 579 2161 Propofiti0‚
605 2123 724 2162 neque
748 2108 884 2155 dicitur,
911 2123 983 2162 quo
1006 2109 1119 2148 modo
1143 2110 1283 2150 extendi
1306 2111 1412 2163 possit
1435 2112 1479 2151 ad
1502 2112 1601 2152 reeti-

159 2178 249 2220 linea
283 2177 441 2231 quinque
472 2188 531 2216 aut
570 2175 725 2230 plurium
765 2175 924 2216 laterum.
979 2189 1160 2230 practerea
1185 2180 1223 2220 in
1254 2178 1395 2220 duobus
1421 2179 1600 2233 triangulis

775 2247 812 2285 A
837 2259 855 2283 a
880 2259 900 2284 a
939 2257 962 2283 2
1512 2248 1601 2288 Inter

1741 196 1829 248 37¹
