2111 2755
651 171 1185 224 NOTAE.
1749 176 1843 247 3283

166 268 239 308 hoc
261 267 314 307 est
333 265 540 320 renangulo
565 266 609 314 C,
633 268 685 307 D.
731 278 768 307 et
790 267 963 321 quoniam
982 264 1146 319 aequales
1170 263 1252 306 fimt
1268 266 1357 316 EG,
1377 268 1462 317 GE,
1484 269 1619 318 etAE,

165 338 254 383 LG,
275 338 338 376 BF
362 336 452 375 intcr
482 334 516 374 se
545 333 744 388 parallelae,
778 333 947 388 aequales
967 346 1075 374 erunt:
1096 336 1180 383 AL,
1210 336 1290 383 LB,
1319 335 1484 389 aequales
1509 338 1616 378 etiam

163 403 243 443 sunt
267 410 282 427 '³
305 406 391 451 ΕΚ,
416 405 506 442 KH.
567 403 615 442 est
639 414 766 450 autem,
791 402 841 442 ob
865 402 1210 452 determinationem,
1234 403 1481 459 teetangulum
1504 407 1554 455 C,
1573 409 1652 447 Da.
1670 420 1699 452 3.
1714 420 1744 452 3.

162 487 239 512 non
263 473 374 526 majus
398 471 573 524 quadrato
592 485 635 509 ex
652 473 724 509 AL
742 470 889 510 dimidio
911 469 1015 522 ipsius

162 542 242 587 AB,
257 554 341 593 ergo
354 551 389 578 et
401 537 642 592 rcoangulum
656 540 740 585 EA,
756 539 833 578 AH
848 552 923 576 non
937 552 1013 576 ma·
1066 569 1100 603 F

157 608 214 661 jus
227 608 275 646 est
286 607 460 660 quadrato
472 621 516 645 ex
523 608 593 645 AL
602 606 673 644 hoc
686 606 733 646 est
741 620 785 645 ex
792 607 889 653 KG;
912 619 1013 645 com-
1106 619 1107 628 ¹

160 690 270 714 mune
293 675 441 714 addatur
466 674 677 726 quadratum
695 688 739 712 ex
757 675 842 721 ΚΕ,
866 684 902 712 et
925 687 1012 726 qua·
1080 613 1145 781 <⁸

159 744 297 782 dratum
319 739 335 766 b
354 757 397 781 cx
415 743 490 780 ΑΚ
508 755 584 779 non
608 741 723 794 majus
746 741 812 779 erit
835 740 1010 792 quadratis

157 826 201 851 ex
223 812 308 857 ΕΚ,
343 810 422 848 KG
453 809 523 848 hoc
555 809 603 846 cst
633 808 810 860 quadrato
840 821 885 847 ex
914 808 990 847 EG
999 824 1009 854 3

156 893 266 932 quare
298 881 391 917 reeta
427 879 506 916 ΑΚ
537 875 596 914 seu
621 877 695 915 GL
719 890 796 915 non
818 876 934 930 major
962 876 1014 914 est
1059 867 1089 901 Α

156 946 232 1000 ips-51
258 947 345 985 GE.
404 956 438 984 et
462 944 632 997 siquidem
657 946 731 983 GE
756 942 908 997 aequalis
930 941 1010 983 fue·
1078 978 1125 1022 Q
1419 979 1450 1013 P
1499 976 1546 1022 O

155 1015 200 1055 rit
223 1014 288 1067 ipsi
311 1015 398 1060 GL,
421 1010 572 1052 circulus
595 1014 703 1052 EHF
727 1013 910 1066 continget
935 1025 1009 1051 rec-

153 1094 226 1123 tam
245 1084 313 1123 AB
336 1082 374 1120 in
398 1083 443 1128 L,
467 1092 501 1120 ct
519 1080 734 1133 quadratum
758 1095 801 1120 ex
814 1083 885 1121 AL
907 1078 1055 1133 aequale
1074 1078 1097 1103 ²³⁶
1115 1079 1181 1120 erit
1198 1078 1402 1134 reetangulo
1416 1081 1502 1129 EA,
1519 1082 1600 1122 AH
1613 1083 1630 1102 ²*
1644 1081 1695 1123 36·
1712 1091 1744 1123 3·

151 1150 221 1193 five
245 1150 328 1189 dato
347 1147 554 1202 rect-angulo
572 1151 617 1199 C,
642 1151 693 1196 D,
717 1160 752 1188 et
770 1146 902 1188 factum
921 1149 985 1187 erit
1008 1148 1106 1201 quod
1129 1147 1406 1202 proponebatur.
1465 1147 1493 1188 fi
1515 1163 1611 1190 vero·-

150 1217 351 1272 inaequales
374 1215 505 1256 fuerint
523 1218 609 1264 EG,
632 1218 706 1256 GL
725 1217 790 1256 erit
814 1219 891 1256 EG
915 1217 1042 1270 major,
1065 1228 1100 1255 et
1118 1229 1302 1270 propterea
1325 1214 1472 1257 circulus
1488 1218 1603 1258 ΕΗΒι

150 1285 278 1327 secabit
302 1288 433 1326 renam
461 1287 551 1332 AB;
586 1283 675 1324 secet
705 1285 742 1324 in
765 1287 824 1332 M,
848 1286 886 1324 N
909 1285 1059 1338 pumffiS,
1096 1297 1131 1324 et
1160 1283 1263 1337 super
1287 1287 1356 1324 NB
1383 1282 1608 1326 describatur:

151 1356 289 1395 NBOP
313 1353 534 1406 quadratum,
554 1365 588 1391 ct
607 1351 827 1405 compleatur
850 1351 1095 1406 reetangulum
1122 1352 1288 1405 ANPQ
1325 1351 1515 1403 Qoniam
1531 1353 1598 1408 igi-

149 1435 206 1464 tur
228 1420 391 1475 aequales
422 1419 502 1460 sunt
526 1425 540 1443 ³
562 1422 656 1468 ML,
682 1422 767 1467 LN,
791 1431 826 1459 et
850 1419 1016 1473 aequales
1043 1417 1200 1459 ostensae
1223 1417 1303 1458 sunt
1326 1421 1411 1468 AL,
1434 1421 1511 1468 LB,
1537 1436 1598 1460 ae-

149 1489 268 1544 quales
292 1499 396 1528 erunt
426 1490 522 1535 AM,
546 1489 626 1526 NB.
681 1486 922 1540 rectangulum
947 1488 1051 1541 igitur
1075 1489 1164 1534 AN,
1191 1488 1260 1526 NB
1290 1485 1434 1540 aequale
1459 1488 1508 1527 est
1531 1488 1596 1543 ipfi

147 1561 235 1604 NA,
262 1559 360 1604 AM,
395 1556 466 1595 hoc
491 1555 539 1594 est
563 1561 577 1578 ⁰
595 1553 802 1608 rectangulo
824 1557 909 1601 EA,
939 1557 1019 1595 AH
1043 1554 1112 1594 five
1137 1553 1340 1608 rectangulo
1363 1557 1408 1603 C,
1426 1557 1478 1595 D.
1520 1570 1596 1596 rec·
1609 1562 1791 1594 ⁶·00r·³⁵·3·

148 1624 331 1679 tangulum
350 1637 433 1663 vero
459 1625 550 1671 AN,
568 1625 638 1662 NB
662 1624 710 1662 est
734 1622 845 1676 ipsum
868 1625 950 1670 ΑΡ,
973 1623 1021 1662 est
1044 1623 1140 1661 enim
1159 1624 1227 1661 ΡΝ
1252 1620 1406 1675 aequalis
1426 1622 1490 1677 ipfi
1509 1626 1592 1665 NB.

147 1697 251 1747 Ergo
269 1691 511 1745 rectangulum
535 1694 600 1732 ΑΡ
623 1690 768 1744 aequale
792 1692 840 1730 est
863 1690 1068 1745 rectangulo
1091 1692 1134 1738 C,
1155 1693 1206 1730 D.
1266 1691 1379 1744 Igitur
1401 1691 1447 1730 ad
1470 1692 1594 1734 datam

146 1765 276 1802 rectam
300 1762 379 1807 AB,
403 1760 487 1798 dato
510 1761 552 1807 C,
574 1762 613 1798 D
638 1758 840 1813 rectangulo
865 1758 1013 1812 aequale
1032 1757 1275 1812 rectangulum
1293 1761 1359 1798 ΑΡ
1378 1757 1594 1812 applicatum

147 1830 195 1869 est
215 1829 379 1869 deficiens
403 1827 577 1879 quadrato
599 1829 672 1866 BP.
726 1827 839 1880 QOd
862 1824 980 1867 facere
1003 1825 1203 1881 oportebat.

216 1910 259 1949 4.
299 1896 364 1938 Ad
389 1896 508 1935 datam
531 1899 660 1934 rectam
685 1894 817 1935 lineam
840 1895 924 1936 dato
947 1893 1150 1950 rectangulo
1174 1892 1321 1949 aequale
1346 1894 1592 1949 reetangulum

146 1963 332 2019 applicare,
356 1964 528 2004 excedens
552 1963 734 2017 quadrato.

214 2034 266 2072 Sit
284 2034 352 2072 AB
372 2032 452 2070 data
475 2035 566 2070 reeta
589 2031 691 2078 linea,
716 2032 838 2071 datum
864 2042 983 2070 autem
1006 2029 1245 2085 reetangulum
1268 2029 1311 2070 fit
1333 2031 1370 2071 id
1393 2031 1494 2085 quod
1517 2044 1594 2072 ree·

143 2104 186 2142 tis
208 2103 252 2150 C,
275 2103 315 2140 D
339 2100 551 2139 continetur.
600 2112 740 2152 oportet
763 2099 808 2139 ad
827 2099 947 2138 datam
965 2103 1097 2139 rectam
1120 2102 1189 2139 AB
1213 2099 1299 2140 dato
1320 2098 1528 2155 redtangulo
1545 2101 1590 2148 C,

147 2172 187 2210 D
210 2167 354 2225 aequale
378 2166 624 2222 rectangulum
647 2167 823 2224 applicare
847 2166 1019 2208 excedens
1037 2167 1225 2224 quadrato.

1618 762 1647 792 b.
1664 761 1694 792 6.
1708 769 1737 802 2..

1402 2236 1593 2276 Ducantur
