2111 2755
471 185 753 238 LIBER
812 181 1252 234 TERTIUS.

1717 198 1808 246 107

502 374 674 413 PROP.
711 373 886 411 XXXVI.
958 370 1196 410 THEOR.

194 486 214 531 I
240 496 364 531 extra
389 480 605 528 circulum
634 478 816 539 aliquod
840 478 1056 538 pumstum
1080 476 1297 531 sumatur,
1322 473 1444 531 etab
1462 490 1517 521 eo
1534 473 1582 522 in

235 551 456 600 circulum
495 549 657 594 cadant
694 546 808 591 duae
845 548 985 590 rec‘tae
1016 544 1172 599 lineae,
1214 560 1407 606 quarum
1443 543 1582 591 altera

132 623 317 687 quidem
340 618 559 666 circulum
584 616 715 668 secet,
754 614 893 659 altera
922 630 1026 659 vero
1063 612 1320 675 contingam
1353 614 1582 676 reetangu-

129 693 228 740 lum
252 689 375 753 quod
400 705 424 733 a
449 702 548 733 tera
571 685 761 737 secante,
784 699 830 728 et
850 686 1042 729 exterius
1068 680 1290 742 assumpta
1309 680 1426 726 inter
1444 697 1581 742 punc·

131 776 233 808 tum
258 774 305 806 et
325 771 570 804 convexam
596 751 1007 800 circumferentiam
1032 749 1304 806 continetur,
1331 749 1516 813 aequale
1540 767 1581 796 e-

128 828 188 875 rit
210 827 430 892 quadrato
456 840 511 871 ex
535 821 841 885 contingente,

200 973 314 1010 Extra
338 965 508 1008 circulum
531 967 627 1004 enirn
656 965 757 1004 APC
780 961 935 1001 sumatur
960 959 1105 1013 aliquod
1131 964 1299 1012 punctum
1325 963 1377 1011 D,
1410 972 1445 999 et
1469 958 1515 999 ab
1539 975 1584 1000 eo

131 1040 176 1079 ad
206 1037 379 1078 circulum
409 1036 536 1075 cadant
567 1033 656 1072 duae
687 1035 799 1071 rectae
829 1030 939 1069 lineae
964 1032 1083 1076 DCA,
1116 1031 1202 1075 Dss;
1239 1040 1274 1066 et
1298 1030 1410 1068 DCA
1440 1028 1584 1080 quidem

133 1106 303 1146 circulum
326 1104 425 1151 secet,
446 1105 515 1142 ΕΒ
533 1116 617 1140 vero
639 1101 833 1153 contingat„
873 1099 955 1138 dico
973 1096 1220 1151 redtangulum
1239 1095 1284 1135 ab
1297 1099 1387 1144 AD,
1407 1098 1478 1136 DC
1496 1110 1584 1136 con-

134 1188 271 1215 tentum
297 1172 469 1226 quadrato
493 1185 536 1209 ex
562 1171 633 1208 ΕΒ
653 1167 800 1221 aequale
824 1165 905 1206 effe.

204 1241 275 1281 Vel
299 1242 403 1294 igitur
427 1241 538 1278 DCA
562 1252 623 1290 per
646 1249 809 1276 centrum
833 1234 955 1274 tranfit
972 1232 1026 1273 vel
1049 1247 1144 1280 n0n;
1179 1234 1334 1286 primum
1358 1232 1506 1272 transeat
1524 1246 1587 1285 per

134 1322 306 1357 centrum,
330 1307 443 1360 fitque
462 1309 498 1346 E
517 1317 679 1344 centrum
701 1303 822 1344 circuli
833 1305 947 1349 ΑΒΕ,
971 1314 1005 1341 et
1022 1304 1087 1341 ΕΒ
1102 1302 1273 1355 jungatur
1280 1318 1292 1348 3
1315 1301 1379 1340 erit
1401 1302 1505 1355 igitur
1524 1314 1587 1339 an-

133 1378 234 1434 gulus
250 1378 359 1417 EBD
379 1378 491 1414 rectus
501 1380 525 1412 Π.
570 1386 603 1413 et
622 1373 793 1426 quoniam
812 1374 904 1410 re6ta
922 1370 1015 1409 linea
1034 1371 1106 1408 AC
1602 1394 1628 1414 a.
1643 1385 1691 1414 18.
1704 1393 1732 1423 3.

134 1446 303 1487 bifariam
321 1443 406 1483 sena
424 1444 472 1482 est
490 1443 525 1481 in
540 1445 587 1489 E,
607 1453 642 1480 et
661 1440 724 1494 ipsi
748 1440 908 1493 adjicitur
926 1440 1011 1484 CD,
1032 1451 1105 1476 rec-
1351 1407 1394 1449 D
1604 1449 1607 1452 ·

138 1512 323 1568 tangulum
350 1512 395 1549 ab
419 1513 509 1557 AD,
540 1511 626 1556 DC,
662 1523 733 1548 una
756 1522 840 1547 cum
865 1506 1039 1560 quadrato
1062 1519 1106 1544 ex

138 1585 204 1623 EC
218 1578 363 1633 aequale
381 1578 445 1617 erit
464 1577 637 1629 quadrato
656 1590 700 1615 ex
714 1578 790 1616 ED
800 1572 827 1614 b.
869 1573 1024 1627 aequalis
1045 1587 1107 1612 au·
1602 1583 1630 1612 b.
1649 1581 1678 1612 6,
1694 1591 1722 1614 2,

140 1664 214 1691 tem
237 1649 285 1688 est
297 1649 365 1687 CE
379 1646 442 1700 ipfi
465 1647 543 1692 ΕΒ,
567 1642 808 1696 rec'tangulum
832 1642 935 1695 igitur
959 1641 1005 1680 ab
1018 1643 1107 1688 AD,
1182 1640 1217 1687 B
1252 1652 1259 1660 s

139 1721 211 1760 DC
236 1732 307 1756 una
331 1730 412 1755 cum
437 1713 612 1767 quadrato
630 1727 674 1752 ex
697 1713 761 1751 ΕΒ
785 1708 931 1763 aequale
949 1710 998 1748 est
1022 1722 1109 1761 qua-

139 1788 245 1828 drato
269 1800 313 1825 ex
337 1785 423 1823 ΕΙ).
483 1780 540 1820 sed
571 1780 782 1834 quadratum
814 1792 858 1817 ex
880 1779 956 1816 ED
980 1777 1028 1816 est
1051 1791 1109 1816 ae-

140 1853 246 1909 quale
270 1852 446 1907 quadrans
470 1865 514 1889 ex
536 1849 616 1903 ipsis
641 1850 717 1896 ΕΒ,
747 1849 817 1887 BD
827 1853 852 1895 ⁰,
877 1849 988 1885 renus
1012 1845 1108 1884 enim
1603 1859 1694 1888 c.47.
1710 1857 1738 1879 1.

141 1921 288 1977 angulus
311 1923 359 1960 est
378 1922 495 1959 EBD.
551 1915 796 1970 reetangulum
819 1916 925 1969 igitur
949 1913 994 1953 ab
1017 1916 1108 1961 AD,
1366 1927 1432 1983 A*
1495 1892 1499 1896 ‘

143 1994 216 2032 DC
234 2005 307 2029 una
324 2003 405 2029 cum
430 1987 606 2040 quadrato
629 2000 673 2024 ex
690 1987 755 2024 ΕΒ
775 1983 920 2037 aequale
942 1984 990 2022 est
1014 1996 1102 2035 qua-

140 2060 247 2101 dratis
273 2074 317 2098 ex
341 2059 417 2104 ΕΒ,
441 2058 525 2095 BD.
580 2068 774 2094 commune
799 2050 975 2092 auferatur
998 2051 1211 2105 quadratum
1236 2065 1280 2089 ex
1304 2051 1382 2098 ΕΒ,
1417 2047 1591 2102 reliquum

142 2131 246 2183 igitur
277 2126 323 2167 ab
348 2128 443 2174 AD,
488 2126 568 2165 DC
605 2120 850 2177 reetangulum
886 2119 1029 2175 aequale
1064 2121 1127 2160 erit
1162 2119 1337 2173 quadrato
1371 2133 1416 2160 ex
1451 2119 1591 2158 contin-

147 2209 250 2254 gente
273 2198 354 2236 DB.

814 2260 852 2298 O
891 2269 915 2296 2
1524 2253 1595 2293 Sed
