2111 2755
277 224 343 276 86

355 1153 383 1177 a.
399 1153 449 1176 20-
467 1152 494 1173 Ι.

308 1349 495 1389 b.5.Def.3.

675 217 1069 271 EUCLIDIS
1117 213 1780 266 ELEMENTORUM

932 357 1101 395 PROP.
1138 357 1221 394 XV.
1295 355 1526 393 THEOR.

503 447 608 549 IN
636 443 803 491 circulo
830 442 1030 489 maxima
1058 442 1244 505 quidem
1276 440 1337 487 est
1363 441 1601 497 diameter3
1644 440 1828 489 aliarum
1853 458 1957 488 vero

580 515 752 576 semper
769 512 1063 576 propinquior
1082 525 1237 558 centro
1255 511 1498 557 remotiore
1518 510 1661 576 major
1681 510 1760 567 est3
1782 525 1827 558 et
1845 528 1958 574 quae

506 583 652 650 major
678 582 753 640 est,
777 581 1073 645 propinquior
1098 581 1183 628 erit
1205 595 1360 627 centro
1385 580 1569 627 minore,

576 727 629 766 Sit
646 724 795 766 circulus
823 727 981 772 ABCD,
1006 725 1103 778 cujus
1128 724 1300 763 diameter
1327 726 1418 769 AD,
1444 735 1606 761 centrum
1626 738 1711 762 vero
1735 725 1787 765 E:
1824 734 1859 762 et
1883 737 1964 776 pro-

504 796 673 850 pinquior
697 793 842 847 quidem
867 806 990 832 centro
1015 792 1056 832 fit
1073 795 1147 840 BC,
1174 794 1345 831 remotior
1369 805 1486 831 autem
1511 794 1594 830 FG.
1646 793 1727 831 dico
1752 795 1828 831 AD
1853 792 1964 831 maxi-

506 879 605 903 mam
623 861 704 908 esse,
729 874 763 900 et
781 864 843 901 BC
863 864 1037 916 majorem
1057 877 1164 915 quam
1182 863 1268 900 FG.

578 935 771 972 Ducantur
789 932 886 970 enim
911 946 930 970 a
955 942 1080 969 centro
1106 930 1151 969 ad
1176 931 1248 976 BC,
1282 931 1353 968 FG
1378 928 1684 982 perpendiculares
1710 932 1797 976 ΕΗ,
1821 931 1906 976 ΕΚ,
1931 941 1966 968 et

506 1003 583 1048 ΕΒ,
608 1002 688 1046 EC,
706 1002 773 1038 EF
794 1001 1001 1052 jungantur.
1056 998 1243 1051 Quoniam
1268 999 1372 1051 igitur
1397 997 1548 1051 aequalis
1568 1000 1617 1037 est
1644 1001 1720 1038 AE
1743 997 1806 1052 ipfi
1830 1000 1907 1045 ΕΒ,
1931 1009 1966 1036 et

508 1072 584 1109 ED
609 1068 673 1122 ipfi
694 1070 773 1115 EC,
793 1069 857 1106 erit
876 1070 953 1107 AD
973 1066 1129 1121 aequalis
1147 1066 1226 1120 ipsis
1244 1069 1321 1114 BE,
1339 1069 1418 1106 EC.
1456 1065 1515 1105 sed

509 1140 589 1186 BE,
614 1139 682 1177 EC
708 1137 859 1191 majores
884 1135 962 1176 sunt
981 1151 1092 1190 quam
1109 1138 1173 1176 BC
1185 1142 1210 1184 ἃ,
1251 1151 1358 1189 quare
1383 1147 1418 1175 et
1443 1138 1521 1175 AD
1704 1119 1752 1160 Α
1780 1123 1821 1166 B

511 1222 620 1261 quam
640 1208 703 1245 BC
722 1207 838 1260 major
858 1206 934 1244 erit.
1559 1199 1594 1237 F

578 1278 629 1315 Et
647 1275 820 1328 quoniam
839 1276 901 1314 BC
920 1275 1153 1328 propinquior
1184 1276 1233 1314 est
1251 1285 1387 1322 centro,
1405 1288 1522 1314 remo-

511 1345 579 1383 tior
597 1357 680 1381 vero
698 1345 783 1388 FG,
804 1344 868 1380 erit
887 1344 962 1380 ΕΚ
977 1343 1091 1394 major
1110 1358 1216 1395 qnam
1237 1345 1312 1381 ΕΗ
1322 1337 1349 1379 b.
1389 1343 1438 1381 est
1459 1357 1522 1381 au-

511 1425 597 1459 tem,
610 1424 650 1450 ut
668 1412 705 1449 in
725 1410 957 1463 praecedente
970 1409 1146 1449 ostensum
1166 1408 1243 1457 fuit,
1268 1411 1330 1448 BC
1345 1409 1451 1463 dupla
1469 1411 1521 1464 ip·
1559 1402 1598 1458 G

512 1482 579 1520 slus
602 1483 685 1527 BH,
710 1491 745 1518 et
768 1481 841 1518 FG
867 1477 972 1531 dupla
996 1478 1100 1531 ipfius
1126 1481 1208 1526 ΕΚ,
1229 1490 1263 1517 et
1289 1479 1460 1531 quadrata
1479 1494 1522 1519 ex

513 1552 603 1596 ΕΗ,
622 1550 694 1588 ΗΒ
715 1546 875 1601 aequalia
899 1547 1077 1600 quadratis
1096 1562 1139 1586 ex
1159 1549 1244 1595 ΕΚ,
1265 1549 1347 1595 ΚΕ,
1367 1563 1522 1600 quornm

511 1618 724 1671 quadratum
743 1632 786 1656 ex
800 1619 876 1656 EH
891 1616 1008 1655 minus
1022 1617 1070 1654 est
1088 1617 1264 1669 quadrato
1282 1631 1325 1655 ex
1352 1619 1438 1664 EK,
1464 1617 1584 1655 minor
1603 1618 1699 1657 enim
1723 1617 1770 1656 est
1797 1619 1873 1656 ΕΗ
1892 1619 1966 1672 {psai

511 1689 585 1726 ΕΚ
596 1704 605 1733 ;
631 1686 807 1739 reliquum
832 1686 936 1739 igitur
955 1685 1165 1738 quadratum
1184 1700 1226 1724 ex
1240 1687 1310 1724 ΒΗ
1324 1684 1463 1737 reliquo
1482 1701 1524 1724 ex
1538 1687 1608 1724 FK
1627 1686 1739 1739 majus
1758 1686 1832 1733 erit,
1860 1701 1967 1739 quare

512 1759 605 1796 rtha
618 1757 690 1794 BH
709 1755 823 1808 major
842 1755 904 1793 crit
922 1755 998 1807 ips&
1019 1756 1089 1793 ΕΚ
1103 1772 1113 1801 ;
1149 1766 1183 1793 et
1201 1766 1385 1807 propterea
1398 1756 1458 1793 BC
1479 1756 1543 1793 erit
1555 1757 1670 1808 major
1684 1770 1791 1808 quam
1806 1757 1889 1795 FG.

580 1824 650 1864 Sed
673 1824 714 1863 fit
738 1826 801 1862 BC
821 1825 936 1877 major
955 1838 1066 1876 quam
1080 1825 1163 1869 FG,
1182 1823 1247 1861 erit
1264 1824 1326 1862 BC
1341 1823 1576 1875 propinquior
1603 1836 1727 1862 centro
1753 1838 1862 1876 quam
1883 1827 1914 1864 Ε
1915 1826 1966 1873 G,

510 1894 582 1933 hoc
609 1894 669 1941 est,
691 1891 811 1931 iisdem
836 1892 1051 1938 construeris,
1078 1893 1142 1930 erit
1161 1894 1237 1930 EH
1262 1892 1380 1930 minor
1406 1907 1514 1944 quam
1539 1894 1623 1931 ΕΚ.
1662 1893 1851 1944 Quoniam
1871 1894 1968 1932 enim

511 1964 574 2001 BC
602 1964 717 2016 major
744 1962 792 2000 est
819 1975 926 2013 quam
954 1963 1037 2008 FG,
1060 1961 1123 1999 erit
1148 1973 1183 1999 ct
1206 1962 1277 1999 ΒΗ
1303 1962 1418 2015 major
1444 1975 1552 2013 quam
1580 1963 1661 2000 ΕΚ.
1713 1962 1883 2014 quadrata
1908 1977 1968 2001 au-

510 2042 583 2068 tem
603 2046 646 2069 ex
660 2033 743 2078 ΒΗ,
765 2032 843 2070 ΗΕ
870 2028 1029 2082 aequalia
1054 2028 1133 2068 sunt
1160 2029 1338 2083 quadratis
1363 2045 1407 2069 ex
1429 2032 1510 2077 ΕΚ,
1537 2032 1623 2077 ΚΕ,
1651 2044 1804 2083 quornm
1830 2046 1873 2070 ex
1895 2033 1967 2070 BH

509 2099 723 2152 quadratum
748 2099 923 2152 quadrato
947 2114 990 2137 ex
1014 2101 1083 2138 ΕΚ
1112 2100 1160 2137 est
1185 2100 1309 2152 maju3‚
1341 2100 1388 2138 est
1409 2100 1505 2137 enim
1530 2100 1599 2138 BH
1618 2099 1734 2151 maj0r
1751 2113 1857 2151 quam
1878 2102 1967 2147 ΕΚ,

510 2166 683 2220 reliquum
702 2169 811 2224 igitur
836 2168 1046 2220 quadratum
1073 2183 1115 2207 ex
1134 2170 1209 2207 ΕΗ
1237 2167 1372 2220 reliquo
1397 2184 1441 2207 ex
1460 2170 1533 2207 ΕΚ
1559 2168 1677 2207 minus
1702 2168 1776 2214 erit,
1808 2180 1843 2206 et
1874 2172 1967 2208 reRa

510 2235 601 2275 iinea
627 2238 702 2275 ΕΗ
727 2237 845 2275 minor
865 2236 928 2274 crit
952 2251 1063 2288 quani
1084 2239 1169 2276 ΕΚ.
1224 2238 1261 2275 in
1286 2236 1418 2276 circulo
1438 2237 1540 2290 igitur
1565 2236 1636 2276 &o
1685 2237 1742 2289 Q
1760 2238 1806 2274 E.
1827 2239 1877 2276 D.

1658 2304 1826 2344 PROP.
1863 2308 1966 2345 XVI.
