2111 2755
261 207 354 276 368

921 208 973 253 N
1042 206 1091 254 O
1163 204 1214 254 T
1286 207 1336 254 A
1405 208 1463 256 E.

484 295 568 338 dam
592 294 736 335 tradunt
758 292 1015 347 Propofitionis
1048 306 1084 333 1.
1112 293 1198 334 Lib.
1231 293 1271 334 6.
1304 296 1404 349 quod
1429 295 1472 335 de
1496 297 1813 343 Demonstratione
1836 304 1944 362 hujus

484 369 590 418 Prop.
625 378 638 404 1
655 364 695 403 8.
722 364 848 403 datum
872 361 957 410 fuit;
993 363 1167 417 quoniam
1191 364 1322 404 eodem
1346 379 1419 418 quo
1443 365 1532 406 haec
1557 364 1806 421 fundamento,
1837 377 1943 416 mini-

482 448 543 473 me
567 432 611 473 sc.
638 433 893 482 demonstrato,
918 433 1089 472 innititur.

927 554 1094 592 PROP.
1131 554 1236 592 xix.
1308 556 1419 594 ΜΒ.
1457 528 1503 594 νζ

551 643 797 686 Corollarium
820 645 905 685 huic
930 644 1153 700 subjunctum
1179 647 1239 694 est,
1275 648 1374 701 quod
1411 663 1523 702 aeque
1554 648 1653 703 saepe
1678 652 1750 693 usui
1774 653 1815 695 fit
1840 670 1943 711 atque

481 713 553 770 ipsa
576 714 790 768 Propositio.
833 713 1073 754 Corollarium
1100 726 1219 754 autem
1244 717 1343 769 quod
1368 719 1405 758 in
1431 730 1527 757 textu
1548 721 1692 760 Graeco
1715 723 1798 763 hnic
1833 740 1846 765 1
1867 734 1946 780 9¹¹³e

484 784 689 838 appositum
714 785 774 831 est,
812 782 998 824 manifeste
1029 784 1183 823 ostendit
1207 784 1358 824 Librum
1390 790 1475 836 5¹¹¹¹¹¹
1502 802 1522 826 a
1555 791 1787 832 Geometriac
1819 796 1948 850 ignaris

484 865 693 908 corruptum
712 850 824 892 fuisse.
862 853 993 892 etenim
1012 853 1195 892 conversio
1211 855 1353 893 rationis
1368 854 1468 894 nullo
1486 857 1599 896 modo
1617 861 1748 911 pendet
1766 878 1810 903 ex
1837 878 1850 903 1
1872 873 1947 917 9¹¹³.

482 935 520 963 et
538 922 794 962 demonstratio
818 922 892 975 ejus
917 935 1025 974 quam
1050 936 1120 975 ope
1153 935 1165 960 1
1187 928 1266 974 9¹¹³e
1290 924 1435 965 tradunt
1458 925 1541 964 varii
1560 926 1719 968 Euclidis
1742 931 1948 987 Interpretcs

482 990 641 1046 legitima
665 1005 742 1029 non
766 991 825 1038 est,
850 1002 889 1029 ut
913 994 1004 1029 recte
1028 989 1222 1030 observavit
1240 991 1394 1042 Clavius,
1419 995 1478 1047 qui
1499 994 1837 1041 demonstrationem
1863 1002 1948 1059 legi-

479 1061 613 1099 timam
645 1059 755 1106 dedit,
793 1073 903 1112 quam
934 1060 971 1098 in
996 1059 1246 1114 Propofitione
1277 1064 1310 1101 E
1335 1062 1517 1116 posuimus
1526 1082 1535 1112 ;
1572 1080 1651 1106 eam
1681 1081 1800 1111 autem
1832 1073 1948 1126 posuit

481 1140 657 1182 tanquam
680 1127 923 1168 Corollarium
947 1129 1206 1183 Propofitionis
1234 1144 1246 1169 1
1268 1144 1307 1184 9.
1333 1133 1431 1185 quod
1450 1134 1504 1173 his
1522 1134 1638 1175 verbis
1655 1137 1788 1192 incipit,
1811 1147 1834 1164 “
1848 1144 1948 1184 Hinc

480 1201 506 1253 ξ(
531 1196 634 1238 facile
657 1196 847 1252 sequitur,''
872 1213 958 1238 cum
982 1197 1088 1238 nullo
1111 1199 1225 1239 modo
1244 1200 1328 1240 inde
1351 1199 1526 1256 sequatur.

592 1313 771 1351 PROP.
808 1314 894 1360 XX,
918 1314 1023 1360 XXI,
1048 1315 1171 1362 XXII,
1196 1315 1340 1364 XXIII,
1368 1327 1402 1355 et
1426 1318 1567 1357 XXIV.
1638 1321 1748 1361 LIB.
1787 1322 1837 1363 V.
1877 1286 1884 1293 *

555 1404 892 1443 Demonstrationes
911 1407 1018 1458 Prop.
1049 1418 1070 1444 Ξ
1085 1420 1124 1444 0.
1151 1419 1186 1446 et
1214 1420 1289 1447 21.
1314 1407 1489 1447 breviores
1515 1408 1593 1449 sunt
1612 1411 1651 1450 iis
1671 1413 1800 1466 quibus
1825 1417 1948 1459 Eucli-

485 1474 547 1514 des
570 1473 678 1511 utitur
697 1473 734 1510 in
754 1472 1061 1525 Propofitionibus
1084 1474 1176 1514 hisce
1195 1474 1416 1516 facilioribus
1433 1476 1488 1516 vel
1512 1479 1548 1517 in
1573 1482 1874 1535 praecedentibus,
1894 1488 1949 1529 vel

484 1543 524 1582 in
547 1540 643 1581 libris
667 1538 901 1594 sequentibuS.
940 1540 1050 1580 visum
1074 1543 1178 1596 igitur
1201 1544 1250 1583 est
1269 1559 1325 1583 eas
1349 1546 1458 1599 magis
1481 1546 1643 1600 explicite
1668 1552 1816 1592 tradere.
1858 1558 1948 1596 Pro-

483 1610 616 1667 pofitio
639 1611 747 1650 etiam
775 1622 852 1648 22.
878 1622 914 1650 et
941 1623 964 1648 2
978 1624 1016 1660 3.
1042 1612 1087 1651 ad
1108 1624 1339 1667 quotcunque
1363 1616 1636 1669 magnitudine8‚
1661 1631 1699 1658 ut
1721 1621 1796 1661 fieri
1815 1623 1950 1676 debuit,

484 1679 737 1721 extenduntur.
775 1690 809 1718 et
829 1678 933 1719 fimili
957 1681 1070 1720 modo
1089 1683 1231 1722 extendi
1250 1684 1364 1736 potest
1387 1697 1462 1736 24.
1507 1697 1545 1725 ut
1564 1686 1599 1725 in
1618 1688 1821 1731 Corollario
1844 1707 1948 1735 nota-

483 1762 556 1798 tur,
580 1761 615 1788 et
639 1747 736 1788 aliud
760 1747 998 1788 Corollarium
1023 1751 1187 1791 additum
1212 1752 1272 1800 est,
1303 1767 1417 1806 aeque
1443 1768 1483 1793 ac
1503 1756 1705 1808 Propofitio
1729 1759 1825 1800 utile.
1873 1778 1949 1805 ver-

486 1818 575 1859 bum
598 1818 706 1858 etiam
729 1822 751 1840 “
770 1819 978 1872 utcunque''
1015 1821 1114 1873 quod
1138 1821 1174 1860 in
1201 1833 1299 1861 textu
1324 1824 1469 1862 Graeco
1500 1836 1535 1863 et
1565 1825 1781 1869 versionibus
1806 1831 1948 1874 deficie-

487 1887 562 1936 bat,
587 1887 749 1927 additum
774 1888 823 1926 est
846 1902 958 1940 prope
983 1889 1095 1929 finem
1119 1892 1227 1944 Prop.
1252 1903 1274 1928 2
1289 1904 1327 1940 3.

540 1959 585 1996 In
610 1955 736 2010 scripto
763 1959 815 1995 D.
840 1956 998 2011 Philippi
1022 1959 1196 2007 Naudaci,
1232 1961 1310 2013 post
1334 1974 1488 2001 mortem
1513 1963 1586 2017 ejus
1610 1964 1707 2006 edito
1729 1967 1766 2007 In
1790 1970 1948 2013 Historia

485 2025 706 2066 Academiae
730 2026 865 2080 Regiae
888 2026 1126 2067 Berolinensis
1157 2030 1242 2069 anni
1275 2043 1288 2068 1
1304 2042 1364 2083 74
1369 2043 1405 2080 5,
1431 2046 1513 2086 pag.
1537 2047 1609 2081 50.
1641 2036 1843 2090 Propositio
1871 2053 1948 2090 23.

486 2094 570 2133 Lib.
591 2106 627 2142 5.
656 2093 818 2134 Euclidis
844 2097 1001 2150 arguitur
1025 2109 1197 2151 tanquam
1222 2097 1368 2139 obscure
1392 2102 1584 2149 enuntiata,
1618 2115 1652 2143 et
1683 2105 1766 2146 inde
1789 2109 1842 2147 via
1866 2107 1946 2149 lon-

482 2164 586 2218 giore
610 2162 861 2203 demonstrata.
916 2167 1055 2205 Verum
1080 2168 1276 2207 enuntiatio
1306 2168 1354 2208 ibi
1380 2170 1506 2210 tradita
1530 2186 1606 2211 non
1632 2174 1681 2213 est
1705 2175 1862 2216 Euclidis
1885 2177 1944 2219 sed

485 2233 666 2288 Tacqueti
698 2244 738 2272 ut
768 2233 806 2273 in
837 2232 964 2289 scripto
996 2235 1207 2291 agnoscitur,
1233 2253 1325 2292 quae
1349 2239 1504 2291 quidem,
1530 2244 1692 2296 quamvis
1721 2258 1798 2283 non
1830 2261 1944 2299 aeque

1736 2317 1945 2371 commoda,
