2111 2755
297 197 390 249 180

380 1345 512 1378 a.31.x.

375 1407 401 1435 b.
418 1414 468 1445 29.
487 1413 512 1435 1.

688 195 1083 247 EUCLIDIS
1131 192 1791 253 ELEMENTORUM

957 379 1127 421 PROP.
1166 382 1218 421 A.
1291 381 1525 422 THEOR.

523 492 618 594 SI
643 485 870 553 trianguli,
897 504 988 533 uno
1011 486 1151 534 latere
1175 487 1407 549 produeto,
1434 487 1624 552 angulus
1644 491 1835 538 exterior
1855 493 1968 542 bifa-

632 559 746 605 riam
772 558 958 613 secetur,
982 556 1130 603 secans
1155 570 1313 603 autem
1338 556 1555 620 angulum
1578 561 1693 605 recta
1717 559 1833 607 linea
1855 562 1970 611 secet

520 629 661 677 etiam
689 626 830 674 basim
866 626 1150 688 produ<stam3
1185 624 1296 671 basis
1333 626 1574 704 productae
1603 628 1833 692 segmenta
1855 629 1972 678 inter

517 700 742 746 secantem
775 710 821 742 et
855 692 970 740 basis
1008 693 1224 741 terminos
1260 695 1449 740 eandem
1484 695 1706 742 rationem
1730 697 1974 753 habebunt,

520 783 659 831 quam
690 764 861 825 reliqua
893 761 1106 826 trianguli
1132 761 1284 808 latera.
1345 776 1391 809 et
1422 761 1455 807 fi
1481 762 1592 810 basis
1616 767 1859 827 produciae
1881 767 1974 831 seg-

520 850 677 884 menta
692 833 883 880 eandem
896 831 1092 878 habeant
1109 830 1331 876 rationem
1346 847 1485 892 quam
1504 832 1673 895 reliqua
1688 834 1901 898 trianguli
1914 835 1977 882 la-

519 919 629 960 tera,
663 919 777 966 quae
803 918 827 947 a
851 900 1017 946 vertice
1044 899 1101 945 ad
1126 898 1363 944 sectionem
1389 897 1571 945 ducitur
1594 903 1713 949 recta
1733 902 1865 959 linea,
1900 902 1976 950 tri-

521 971 675 1038 anguli
701 968 921 1034 angulum
949 967 1219 1016 exteriorem
1236 966 1446 1014 bifariam
1463 967 1642 1017 secabit.

591 1116 643 1156 Sit
667 1111 887 1168 triangulum
909 1114 1023 1160 ABC,
1048 1124 1083 1151 et
1107 1115 1199 1151 reela
1217 1114 1296 1151 AD
1321 1109 1485 1152 bifariam
1510 1110 1599 1152 secet
1617 1112 1790 1167 angulum
1812 1114 1981 1168 tri-anguli

524 1185 735 1226 exteriorem
755 1185 873 1229 CAE,
898 1194 932 1220 et
956 1181 1030 1221 basi
1050 1182 1114 1220 BC
1136 1181 1329 1235 productae
1352 1194 1512 1221 occurrat
1531 1182 1568 1221 in
1587 1183 1638 1221 D.
1688 1183 1752 1222 erit
1776 1194 1814 1221 ut
1836 1184 1908 1222 BD
1933 1183 1978 1222 ad

524 1257 611 1301 DC,
638 1254 685 1292 ita
708 1254 782 1292 BA
806 1251 851 1290 ad
875 1251 957 1290 AC.

596 1325 759 1360 Ducatm·
784 1325 797 1342 ³
823 1320 919 1357 enim
946 1334 1008 1371 per
1034 1322 1065 1358 C
1091 1323 1185 1359 reeta
1208 1321 1272 1359 CF
1296 1318 1459 1371 parallela
1485 1320 1548 1372 ipsi
1572 1322 1660 1359 AD.
1711 1320 1895 1370 Qoniam
1916 1320 1978 1373 igi-

527 1403 585 1431 tur
609 1390 645 1428 in
672 1385 850 1442 parallelas
877 1389 966 1433 AD,
991 1389 1055 1425 FC
1079 1388 1201 1426 incidit
1227 1391 1320 1425 reeta
1344 1386 1435 1426 linea
1462 1390 1545 1436 AC,
1576 1388 1640 1426 erit
1665 1383 1681 1410 b
1703 1389 1807 1427 ACF
1831 1386 1981 1441 angulus

527 1457 664 1513 angulo
683 1455 821 1496 alterno
836 1457 947 1494 CAD
968 1453 1133 1508 aequalis.
1171 1454 1228 1494 sed
1241 1456 1351 1494 CAD

527 1525 676 1581 angulus
702 1525 849 1579 ponitur
876 1522 1028 1576 aequalis
1060 1520 1196 1576 angulo
1220 1524 1352 1569 DAE;
1744 1513 1793 1562 A
1806 1502 1936 1563 s

528 1611 614 1651 ergo
638 1608 673 1634 ct
693 1592 842 1647 angulus
863 1595 976 1632 DAE
1002 1590 1064 1644 ipfi
1086 1593 1191 1631 ACF
1219 1589 1352 1645 angulo
1568 1606 1612 1650 p
1648 1588 1652 1590 ’
1752 1564 1869 1652 AN

528 1663 683 1719 aequalis
703 1663 776 1701 crit.
827 1660 962 1701 Rursus
985 1661 1156 1714 quoniam
1180 1661 1217 1699 in
1243 1657 1354 1712 paral·
1510 1667 1571 1741 ί
1610 1668 1652 1719 χ
1682 1594 1783 1725 s
1881 1664 1902 1739 ἶ

531 1733 614 1774 lelas
642 1734 733 1779 AD,
762 1732 827 1770 FC
854 1734 946 1769 reeta
969 1729 1062 1769 linea
1086 1731 1193 1768 FAE
1220 1729 1352 1775 incidit,
1387 1756 1424 1803 B
1646 1751 1686 1796 C
1895 1752 1941 1793 D

530 1803 680 1843 exterior
705 1798 852 1854 angulus
878 1801 993 1838 DAE
1020 1797 1173 1851 aequalis
1198 1799 1246 1836 est
1265 1794 1281 1821 b
1300 1798 1354 1835 in-

530 1873 646 1912 teriori
671 1883 705 1909 et
729 1868 892 1922 opposito
915 1869 1028 1907 CFA.
1088 1865 1241 1905 ostensus
1266 1877 1382 1904 autem
1407 1863 1454 1900 est
1480 1873 1515 1901 ct
1542 1861 1695 1916 angulus
1719 1864 1821 1901 ACF
1848 1860 1980 1916 angulo
2031 1880 2034 1883 r

531 1943 642 1981 DAE
669 1937 842 1991 aequalis
879 1951 966 1991 ergo
990 1947 1024 1973 et
1047 1937 1148 1974 ACF
1173 1934 1236 1987 ipsi
1260 1935 1365 1973 CFA
1391 1930 1542 1983 aequalis
1563 1932 1638 1978 erit,
1663 1942 1698 1969 et
1721 1942 1906 1983 propterea
1929 1929 1980 1969 la-

395 2024 421 2044 c.
441 2015 468 2045 6-
490 2021 516 2043 1-
531 2020 585 2048 tus
613 2011 684 2048 AF
708 2005 854 2059 aequale
877 2005 975 2044 lateri
1003 2005 1109 2043 ACC.
1171 2014 1205 2040 et
1228 2003 1402 2055 quoniam
1427 1999 1489 2038 uni
1513 1997 1660 2037 laterum
1687 1998 1851 2051 trianguli
1874 2000 1980 2044 BCF,

396 2082 456 2111 6-2
462 2079 512 2110 -·6
531 2077 601 2116 vid
606 2076 675 2115 lice
680 2088 692 2113 t
714 2075 777 2127 ipsi
802 2077 875 2122 FC,
901 2071 1069 2127 parallela
1090 2072 1192 2111 dufta
1211 2072 1258 2109 est
1277 2072 1374 2116 AD3
1410 2069 1475 2107 erit
1493 2062 1510 2090 d
1528 2079 1566 2106 ut
1585 2069 1653 2106 BD
1673 2067 1717 2106 ad
1736 2069 1819 2114 DC,
1843 2067 1890 2104 ita
1912 2067 1981 2104 BA

531 2146 575 2185 ad
601 2147 687 2189 AF;
724 2157 760 2181 a:
760 2143 877 2196 qualis
901 2154 1017 2182 autem
1043 2142 1091 2180 est
1115 2142 1184 2181 AF
1208 2139 1268 2193 ῑμῖ
1284 2140 1386 2186 ⁴AC3
1422 2137 1470 2177 est
1489 2136 1590 2190 Igitur
1608 2147 1646 2175 ut
1667 2137 1737 2174 BD
1761 2134 1805 2173 ad
1824 2135 1906 2182 DC,
1933 2134 1980 2173 ita

530 2216 560 2254 Β
562 2217 598 2254 A
622 2213 665 2252 ad
690 2213 771 2252 AC.

1933 2270 1985 2309 Sit
