2111 2755
627 190 1159 241 NOTAE.

546 329 717 369 PROP.
754 328 934 367 XXXIII.
1009 328 1121 365 LIB.
1158 327 1224 364 VI.

234 422 355 464 Verba
379 426 401 445 “
421 422 553 475 quippe
576 421 636 474 qui
661 421 704 459 ad
729 431 889 459 centrum
914 416 993 457 sunt
1011 417 1214 457 constituti'’
1238 413 1364 456 omissa
1383 414 1470 466 sunt,
1490 429 1615 474 utpote

166 494 317 547 imperiti
341 489 521 545 cujusdam
546 490 835 528 additamentum.

234 565 277 601 In
302 558 448 600 Graecis
471 557 662 603 codicibus,
698 568 733 596 et
757 556 887 595 Latina
910 553 1066 593 versione
1091 554 1184 593 deest
1208 549 1236 595 οἵ
1260 547 1394 612 ἔτυχε,
1418 566 1611 610 utcunque,

163 633 201 671 in
225 628 404 682 utriusque
428 629 531 681 partis
555 626 865 670 demonstratione,
892 637 983 675 quae
1007 637 1102 661 nunc
1126 623 1315 670 adduntur,
1340 625 1494 664 omnino
1517 627 1615 667 enim

163 699 243 739 sunt
266 695 464 736 necessaria.
502 708 537 734 et
554 696 590 733 in
611 695 910 734 demonstratione
929 690 1102 730 secundae
1120 692 1235 745 partis,
1253 691 1314 731 ubi
1334 690 1377 730 sc.
1400 693 1613 747 triangulum

150 756 267 807 'BGC
291 764 438 818 aequale
468 763 661 803 ostenditur
685 761 863 816 triangulo
886 762 1009 808 CGK,
1041 760 1189 800 verbum
1213 754 1284 820 οἶςοι
1309 761 1424 801 omitti
1448 761 1554 804 debet
1576 763 1615 804 in

165 846 263 875 textu
283 836 439 873 Graeco.

558 992 763 1032 PROPP.
799 991 840 1038 B,
880 990 923 1029 C.
995 991 1104 1030 LIB.
1142 990 1209 1029 VI.

229 1104 492 1159 Propofitiones
522 1105 590 1144 hae
613 1103 727 1143 Libro
750 1101 846 1143 sexto
876 1099 955 1141 sunt
985 1101 1134 1149 additae,
1167 1101 1343 1155 quoniam
1367 1115 1388 1141 a
1411 1103 1616 1143 Geometris

163 1173 295 1229 saepius
318 1174 539 1228 usurpantur.

538 1335 671 1372 DEF.
709 1334 776 1380 IX,
812 1343 847 1371 et
881 1333 949 1371 XI.
1021 1332 1127 1370 LIB.
1164 1331 1232 1369 XI.

162 1442 244 1543 IN
264 1444 381 1499 figuris
394 1442 507 1496 planis
520 1442 712 1482 similitudo
726 1443 920 1496 figurarum
934 1441 1099 1481 definitur
1111 1455 1155 1479 ex
1169 1439 1379 1493 aequalitate
1391 1439 1615 1495 angulorum,

241 1526 276 1554 et
298 1512 447 1552 laterum
473 1513 563 1551 circa
587 1508 751 1564 aequales
774 1508 927 1563 angulos
950 1507 1284 1563 proportionalitate
1291 1527 1302 1557 ;
1333 1511 1464 1549 etenim
1484 1525 1528 1550 ex
1546 1509 1617 1551 sola

162 1582 313 1624 laterum
338 1578 680 1635 proportionalitate,
719 1577 772 1618 vel
795 1577 867 1618 sola
892 1577 1104 1633 angulorum
1129 1577 1336 1631 aequalitate
1360 1593 1436 1618 non
1460 1577 1616 1632 sequitur

164 1653 293 1706 figuras
317 1649 384 1690 esse
408 1649 536 1689 similes
561 1662 659 1689 extra
682 1647 797 1689 casum
821 1646 1086 1702 triangulorum.
1147 1658 1182 1686 et
1212 1647 1358 1700 quidem
1384 1646 1502 1687 fimilis
1525 1648 1616 1688 inter

166 1720 201 1760 se
219 1719 350 1774 positus
363 1723 534 1758 rectarum
555 1717 737 1765 linearum,
758 1716 886 1771 quibus
905 1717 1037 1770 figurae
1055 1715 1293 1762 continentur,
1313 1716 1441 1768 partim
1461 1730 1505 1755 ex
1522 1728 1617 1755 utra-

165 1804 235 1843 que
251 1773 397 1842 pendet.
442 1788 639 1841 eademque
663 1788 798 1826 ratione
823 1786 952 1839 figurae
975 1784 1106 1824 solidae
1130 1783 1258 1823 ssmiles
1281 1783 1361 1824 sunt
1383 1800 1444 1824 eae
1467 1799 1559 1838 quae
1582 1796 1617 1824 et

167 1856 322 1911 singulos
341 1855 491 1910 angulos
509 1855 636 1895 solidos
656 1854 817 1909 aequales
834 1854 979 1902 habent,
1005 1866 1039 1893 et
1056 1854 1283 1892 continentur
1304 1854 1421 1907 figuris
1440 1852 1555 1906 planis
1573 1853 1616 1893 fi-

166 1925 319 1973 milibus,
349 1924 578 1964 multitudine
611 1924 825 1978 aequalibus.
886 1922 967 1962 funt
997 1923 1094 1962 enim
1118 1922 1294 1974 quaedam
1319 1923 1452 1976 figurae
1475 1921 1616 1970 solidae,

168 1995 287 2049 figuris
310 1993 422 2047 planis
452 1992 632 2041 similibus,
669 1993 907 2040 multitudine,
943 1993 1028 2045 quin
1060 2003 1095 2029 ct
1124 1992 1369 2044 magnitudine
1400 1989 1616 2044 aequalibus,

168 2074 369 2109 contentae,
419 2077 508 2114 quae
518 2064 648 2114 'neque
672 2061 799 2101 fimiles
822 2076 939 2114 neque
962 2059 1124 2113 aequales
1147 2057 1236 2106 sunt,
1261 2072 1300 2099 ut
1322 2060 1360 2099 in
1384 2061 1618 2099 Demonstra-

169 2133 268 2171 tione
291 2132 368 2184 post
393 2134 506 2170 Notas
530 2131 574 2169 ad
600 2129 687 2169 Def.
721 2144 790 2169 10.
815 2130 1028 2169 ostendetur.
1065 2126 1200 2168 neceffe
1218 2129 1323 2183 igitur
1341 2126 1409 2168 fuit
1427 2128 1619 2168 emendare

171 2201 431 2241 Definitionem
456 2198 621 2239 similium
645 2200 836 2254 figurarum
861 2197 1063 2248 solidarum,
1100 2199 1203 2251 eique
1232 2198 1456 2253 praemittere
1479 2197 1621 2236 Defini-

797 2269 829 2306 C
853 2282 871 2306 c
897 2282 915 2305 c
955 2279 979 2305 2
1484 2265 1618 2304 tionem

1750 192 1841 262 387
