2111 2755
294 200 389 253 ²32

687 184 1080 236 EUCLIDIS
1125 182 1788 239 ELEMENTORUM

1215 274 1263 312 V.

516 346 561 386 In
585 343 710 384 eadem
733 342 869 381 ratione
887 340 1147 395 magnitudines
1165 338 1233 380 effe
1251 341 1430 390 dicuntur,
1446 342 1559 395 prima
1577 343 1621 382 ad
1639 332 1826 386 secundam
1845 359 1880 388 et
1899 361 1967 390 ter-

585 413 632 452 tia
655 411 700 451 ad
722 421 894 463 quartam,
913 409 1059 462 quando
1077 410 1213 463 primae
1235 422 1271 450 et
1288 411 1410 451 tertiae
1432 425 1543 464 aeque
1560 410 1777 465 multiplices,
1794 414 1966 461 secundae

584 492 620 520 et
643 490 789 532 quartae
812 493 923 531 aeque
946 477 1164 532 multiplicCS,
1191 479 1292 533 juxta
1316 480 1472 533 quamvis
1496 478 1838 534 multiplicationem,
1870 500 1964 529 utra-

584 562 655 602 que
677 558 877 600 utramque‚
900 546 956 587 vel
980 549 1052 587 una
1076 546 1250 600 superant,
1267 548 1324 589 vel
1342 551 1415 588 una
1436 547 1597 603 aequales
1620 548 1710 599 sunt,
1734 549 1789 590 vel
1813 556 1885 594 una
1904 557 1966 598 de-

585 616 721 664 ficiunt,
745 616 839 655 inter
860 614 894 655 se
917 627 1152 669 comparatae.

558 730 563 736 .
1204 686 1270 724 VI.

515 752 787 808 Magnitudines
810 767 903 805 quae
925 753 1077 793 eandem
1099 754 1276 793 rationem
1298 752 1445 803 habent,
1463 754 1749 809 proportionales
1772 768 1955 798 vocentur.

1188 824 1275 861 VII.

514 890 675 943 Quando
698 901 818 929 autern
842 905 955 942 aeque
977 889 1239 944 multiplicium,
1265 888 1451 944 multiplex
1469 890 1615 944 quidem
1633 892 1769 945 primae
1788 892 1969 948 superave-

583 959 628 998 rit
663 957 893 1011 multiplicem
929 956 1113 1007 secundae,
1148 957 1336 1013 multiplex
1371 971 1491 999 autem
1521 961 1639 999 tertiae
1663 975 1738 1001 non
1762 961 1969 1015 superaverit

584 1024 815 1078 multiplicem
838 1038 994 1080 quartae,
1031 1039 1115 1067 tunc
1145 1028 1261 1081 prima
1293 1028 1338 1068 ad
1368 1027 1558 1067 secundam
1587 1030 1760 1082 majorem
1791 1033 1967 1072 rationem

585 1093 718 1134 habere
741 1094 866 1134 dicitur
883 1110 994 1149 quam
1018 1097 1117 1136 tertia
1141 1096 1186 1135 ad
1211 1108 1384 1150 quartam.
1422 1108 1457 1136 et
1479 1108 1603 1136 contra
1627 1099 1727 1137 tertia
1746 1099 1790 1138 ad
1810 1112 1970 1153 quartam

584 1164 766 1203 minorem
790 1166 965 1204 rationem
988 1164 1120 1205 habere
1144 1166 1271 1204 dicitur
1294 1180 1403 1219 quam
1425 1166 1538 1219 prima
1561 1165 1607 1205 ad
1629 1164 1830 1207 secundam.

1190 1235 1297 1273 VIII.

516 1305 539 1325 ‘⁴
561 1301 752 1353 Proportio
776 1300 824 1338 est
847 1301 1026 1341 rationum
1048 1301 1276 1342 fimilitudo.”

1209 1371 1276 1408 IX.

514 1435 706 1490 Proportio
727 1449 811 1475 vero
834 1436 871 1475 in
895 1436 1004 1476 tribus
1029 1438 1184 1477 terminis
1209 1438 1255 1477 ad
1280 1438 1470 1477 minimum
1495 1438 1661 1478 confistit.

1208 1509 1256 1545 X.

513 1570 676 1624 Qando
701 1583 768 1611 tres
791 1572 1054 1626 magnitudines
1073 1573 1355 1627 proportionales
1376 1571 1465 1622 sunt,
1489 1575 1602 1627 prima
1621 1573 1664 1613 ad
1686 1576 1835 1625 tertiam,
1855 1576 1967 1632 dupli-

583 1651 698 1680 catam
720 1642 893 1681 rationem
914 1641 1046 1683 habere
1066 1643 1190 1682 dicitur
1209 1645 1281 1697 ejus
1300 1657 1410 1697 quam
1428 1642 1536 1683 habet
1554 1643 1599 1682 ad
1619 1641 1818 1684 secundam.

1209 1714 1277 1752 XI.

513 1779 675 1832 Qando
692 1791 810 1819 autem
829 1792 981 1834 quatuor
1004 1781 1264 1835 magnitudines
1287 1780 1365 1820 sunt
1389 1782 1553 1834 deinceps
1576 1782 1870 1835 proportionales,
1897 1785 1967 1837 pri-

582 1863 641 1887 ma
661 1849 705 1888 ad
725 1862 900 1902 quartam,
922 1848 1132 1902 triplicatam
1152 1848 1285 1888 habere
1303 1850 1478 1889 rationem
1498 1850 1622 1889 dicitur
1641 1852 1713 1904 ejus
1732 1866 1839 1904 quam
1858 1852 1967 1893 habet

583 1917 630 1955 ad
644 1915 844 1957 secundam.
887 1930 922 1957 et
936 1917 981 1957 fic
996 1918 1172 1972 deinceps,
1195 1933 1267 1958 una
1287 1917 1450 1972 ampliUS‚
1478 1931 1710 1973 quotcunque
1729 1917 1861 1960 fuerint
1882 1936 1966 1976 pro-

583 1984 810 2036 portionales.

871 2057 1047 2095 Definitio
1070 2058 1120 2105 A,
1144 2058 1211 2096 viz.
1239 2058 1382 2097 rationis
1406 2057 1635 2110 compositae.

510 2121 546 2160 Si
571 2118 704 2160 fuerint
727 2136 957 2177 quotcunque
975 2126 1238 2179 magnitudines
1262 2125 1417 2180 ejusdcm
1439 2127 1588 2181 generIS,
1605 2126 1718 2179 prima
1736 2126 1780 2165 ad
1800 2124 1963 2167 ultimam

578 2188 710 2231 habere
734 2190 859 2232 dicitur
878 2193 1051 2233 rationem
1073 2194 1310 2249 compositam
1329 2210 1373 2236 ex
1389 2194 1525 2236 ratione
1543 2209 1652 2249 quam
1664 2194 1772 2235 habet
1790 2194 1903 2247 prima
1915 2196 1961 2236 ad

1759 2260 1961 2315 secundam,
