2111 2755
365 197 647 248 LIBER
704 193 1367 249 DUODE'CIMUs.
1701 220 1794 269 317

128 302 162 330 et
183 300 300 328 vertex
322 292 491 341 punctum
517 291 566 336 N,
602 286 680 328 sunt
714 289 810 327 enim
842 300 876 327 et
901 287 1051 341 ipsarum
1075 287 1195 342 anguli
1219 286 1318 327 solidi
1341 288 1432 329 inter
1454 283 1488 327 se
1511 300 1568 327 ae-

126 352 274 411 qualcsf,
298 367 333 396 et
356 356 525 396 similibus
550 355 659 409 planis
682 354 910 395 multitudiue
936 355 1144 409 aequalibus
1166 356 1400 395 continentur.
1464 369 1568 409 pyra·
1581 364 1603 396 f.
1620 368 1652 396 Β.
1673 371 1720 395 11.

124 425 237 464 mides
260 436 378 464 autem
403 423 540 470 ssmiles,
577 436 611 463 et
647 438 737 476 quae
761 420 988 477 triangulares
1023 423 1119 463 bases
1142 422 1287 471 habent,
1321 423 1359 463 in
1394 422 1570 476 triplicata

124 490 201 531 sunt
225 493 359 531 ratione
382 491 662 544 homologorum
698 490 890 537 laterumg;
925 506 1012 545 ergo
1035 492 1187 545 pyramis
1209 490 1364 544 AKQ,
1395 491 1440 531 ad
1463 506 1567 545 pyra-
1580 509 1608 538 g.
1623 499 1653 530 8.
1671 506 1719 530 12,

122 560 255 599 midcm
279 562 424 599 EMSN
449 558 656 613 triplicatam
678 558 787 597 habet
821 559 998 598 rationem
1033 561 1105 612 ejus
1140 574 1246 611 quam
1268 561 1345 600 ΑΚ
1378 558 1488 600 habet
1523 561 1569 600 ad

124 628 218 667 EM.
255 626 409 667 similiter
432 642 452 666 a
475 628 612 681 punc‘tis
636 627 783 680 quidem
805 628 857 674 D,
883 628 930 675 V,
953 627 996 674 C,
1021 628 1069 673 Y,
1099 627 1142 673 B,
1169 627 1208 664 T
1233 626 1278 665 ad
1300 630 1350 675 K,
1387 643 1407 667 a
1430 628 1568 682 punctis

122 1794 204 1819 vero
226 1782 278 1829 H,
306 1781 355 1827 R,
380 1782 430 1827 G,
454 1781 496 1825 P,
522 1780 565 1827 F,
590 1781 627 1818 O
651 1779 695 1817 ad
718 1781 765 1818 M
789 1778 954 1818 ducentes
978 1782 1086 1817 reftas
1116 1777 1235 1827 lineas,
1269 1790 1304 1818 et
1335 1793 1355 1818 a
1385 1779 1563 1835 triangulis

120 1849 289 1901 erigentes
311 1847 510 1901 pyramides
528 1848 669 1886 vertices
692 1846 832 1886 cosdem
856 1845 1027 1886 habentes
1051 1862 1139 1900 quos
1164 1848 1257 1894 coni,
1282 1848 1506 1889 ostendemus
1528 1861 1563 1889 et

120 1931 409 1969 unamquamque
432 1916 658 1968 pyramidum
689 1915 733 1954 ad
757 1929 1049 1968 unamquamque
1072 1914 1227 1969 ejusdem
1258 1916 1390 1955 ordinis
1414 1916 1564 1970 triplica-

120 1995 194 2022 tam
221 1984 393 2022 rationem
418 1982 549 2022 habere
572 1984 645 2036 ejus
670 1998 780 2036 quam
805 1982 913 2022 habet
934 1985 1013 2022 ΑΚ
1036 1981 1123 2022 latus
1147 1983 1191 2022 ad
1214 1983 1452 2038 homologum
1475 1983 1563 2024 latus

122 2053 216 2098 EM,
240 2051 310 2090 hoc
330 2051 378 2089 est
402 2065 509 2104 quarn
531 2052 604 2090 AC
623 2051 667 2090 ad
685 2054 771 2090 EG.
809 2050 866 2090 sed
890 2063 928 2090 ut
947 2066 1062 2090 unum
1081 2052 1366 2092 antecedentium
1386 2053 1431 2092 ad
1449 2068 1561 2093 unum

122 2117 422 2172 consequentium,
437 2119 483 2157 ita
503 2120 624 2158 omnia
643 2119 884 2158 antecedentia
903 2119 947 2158 ad
966 2120 1086 2158 omnia
1105 2118 1394 2174 consequentiab5
1430 2123 1477 2161 est
1497 2123 1556 2174 igi·
1572 2134 1601 2162 h.
1616 2140 1664 2163 12.
1678 2141 1708 2174 5.

123 2197 177 2226 tur
199 2199 233 2227 et
257 2198 294 2226 ut
317 2186 469 2240 AKQ
492 2188 646 2241 pyramis
669 2188 715 2228 ad
738 2187 958 2241 pyramidem
977 2189 1136 2237 EMSN‚
1160 2189 1206 2229 ita
1225 2200 1297 2229 tota
1320 2191 1476 2244 pyramis
1499 2204 1558 2228 cu-

1507 2257 1566 2310 jus
