2111 2755
636 186 1175 243 NOTAE.

628 321 803 361 PROP.
842 323 894 361 D.
963 323 1076 362 LIB.
1115 323 1162 361 V.

234 411 438 466 Propositio
462 410 548 451 haec
573 426 649 451 non
674 427 754 452 raro
779 413 824 452 ad
849 412 931 453 alias
955 414 1247 455 demonstrandas
1271 413 1470 463 adhibetur,
1504 429 1539 457 et
1561 432 1624 459 ne-

168 482 307 522 cessii-ia
330 482 378 521 est
402 480 641 533 P··0pofitioni
668 495 704 533 9.
730 481 812 520 Lib.
840 482 879 519 6.
917 483 1052 524 videtur
1071 496 1190 524 autem
1209 484 1409 525 Theonem
1427 500 1507 526 eam
1525 488 1618 527 omi-

170 550 244 592 fisse
269 562 412 605 propter
437 550 612 590 rationem
634 550 670 588 in
696 550 801 588 Notis
826 550 870 588 ad
895 552 1000 604 Prop.
1028 555 1079 592 A.
1105 566 1353 593 memoratam.

597 662 768 700 PROP.
810 661 918 700 VIII.
991 665 1097 703 LIB.
1135 666 1182 704 V.

236 755 280 794 In
304 752 604 793 demonstratione
639 751 742 805 hujus
765 753 1019 806 Propositionis
1055 768 1095 794 ut
1130 771 1226 796 nunc
1261 756 1414 798 habetur
1448 757 1486 797 In
1523 769 1618 800 textu

169 825 324 869 Graeco,
357 821 430 861 duo
460 819 539 859 sunt
569 819 677 867 casUS,
714 818 802 874 (vid.
830 822 1170 864 demonstrationem
1201 826 1238 864 in
1268 827 1423 866 editione
1450 829 1618 883 Hervagii

166 903 227 932 aut
251 889 439 944 Gregorii)
464 903 615 942 quorum
642 890 774 942 primus
799 891 847 929 est
871 891 897 929 is
922 891 958 930 in
982 907 1056 945 quo
1083 896 1159 933 ΑΕ
1183 894 1303 934 minor
1328 896 1376 934 est
1401 898 1484 941 EB;
1521 909 1556 935 et
1579 898 1616 936 in

165 960 237 1000 hoc
261 957 451 998 neceffario
473 956 626 1010 sequitur
649 957 732 998 ΗΘ
756 958 987 1012 multiplicem
1019 962 1124 1015 ipsius
1149 965 1213 1002 ΕΒ
1237 965 1414 1017 majorem
1446 962 1515 1003 effe
1539 964 1617 1005 ZH

164 1044 278 1082 aeque
301 1026 488 1081 multiplici
511 1027 614 1080 ipsius
632 1030 716 1075 AE,
741 1043 831 1081 quae
855 1030 1000 1082 quidem
1019 1031 1121 1084 ipsius
1144 1034 1218 1071 ΑΕ
1237 1031 1436 1085 multiplex,
1461 1048 1504 1073 ex
1527 1048 1616 1073 con-

164 1098 365 1143 struetione,
388 1097 504 1149 major
527 1097 575 1135 est
600 1095 655 1142 A;
692 1097 789 1136 unde
812 1110 847 1136 et
869 1098 952 1137 Ι-ΙΘ
983 1101 1098 1154 major
1120 1102 1184 1140 erit
1210 1100 1259 1139 A.
1320 1100 1410 1140 sed
1403 1116 1439 1141 111
1463 1100 1542 1141 casu
1565 1100 1616 1142 se-

165 1166 328 1213 cundo,
321 1180 358 1204 in
377 1179 452 1218 quo
470 1164 513 1204 sc.
534 1166 599 1203 ΕΒ
617 1166 735 1205 minor
754 1166 800 1205 est
819 1165 890 1219 ipsa
908 1170 992 1215 AE,
1013 1171 1170 1223 quamvis
1190 1171 1267 1211 ZH
1284 1171 1400 1225 major
1418 1168 1526 1211 fuerit
1542 1168 1615 1225 ipsa

165 1233 216 1282 A,
249 1235 362 1288 potest
394 1245 513 1272 tamen
537 1233 620 1272 ΗΘ
645 1235 765 1274 minor
795 1234 863 1274 effe
894 1237 1022 1277 eadem
1096 1261 1134 1296 Z
1354 1243 1390 1279 Z

163 1303 223 1351 A;
258 1302 354 1341 unde
376 1317 453 1341 non
476 1303 590 1355 potest
607 1301 698 1341 stimi
717 1302 901 1356 multiplex
920 1305 1022 1358 ipfius
1197 1325 1215 1359 1
1493 1307 1522 1338 2

162 1370 204 1411 A
227 1385 318 1425 quae
341 1370 459 1424 primo
482 1371 597 1423 major
621 1370 693 1409 fit
684 1386 758 1424 ipsa
779 1372 817 1410 K
836 1372 904 1412 five
923 1373 1020 1421 ΗΘ,
1056 1401 1109 1438 Π
1184 1414 1220 1451 Α
1475 1396 1522 1435 A

162 1441 338 1495 quoniam
381 1437 527 1492 simplex
568 1437 608 1478 A
648 1439 775 1479 eadem
809 1441 858 1480 est
892 1443 1019 1496 major.

162 1523 273 1564 quare
291 1506 426 1548 necesse
444 1505 511 1546 fuit
529 1508 662 1546 auetori
679 1507 783 1562 hujus
803 1509 1022 1550 demonstra-
1164 1502 1195 1535 Ε
1339 1508 1384 1547 H
1403 1531 1412 1537 ·
1580 1469 1587 1622 ι

161 1578 268 1618 tionis
292 1591 403 1616 unam
427 1587 564 1629 partem
587 1577 853 1617 constmfflonis
870 1590 1017 1618 mutare.
1109 1534 1114 1628 l
1391 1529 1402 1630 l
1444 1560 1487 1596 E*

162 1646 237 1687 fine
260 1645 461 1685 necessitate
484 1658 567 1684 vero
596 1646 756 1693 mutavit,
792 1647 830 1686 in
865 1646 936 1686 hoc
971 1646 1021 1687 se·
1078 1640 1129 1688 (W)
1192 1641 1227 1683 Β
1263 1639 1318 1684 Δ
1375 1642 1421 1688 Θ
1463 1638 1509 1683 Β
1559 1635 1612 1678 Δ

160 1715 283 1756 cundo
305 1712 395 1761 casu,
431 1712 536 1753 aliam
559 1726 694 1767 partem
716 1716 984 1756 construetionis
1007 1716 1045 1754 in
1068 1715 1188 1767 primo
1217 1713 1428 1763 adhibitam,
1465 1716 1614 1769 quando

160 1783 205 1825 sc.
225 1783 327 1838 jubet
351 1781 486 1822 sumere
510 1785 548 1822 N
566 1781 799 1836 multiplicem
822 1784 927 1837 ipsius
947 1784 987 1823 A
1005 1784 1123 1838 primo
1141 1785 1317 1838 majorem
1334 1786 1409 1838 ips&
1430 1787 1523 1831 ZH;
1547 1799 1613 1838 po-

160 1853 228 1893 tuit
251 1853 347 1891 enim
370 1850 523 1890 sumsisse
546 1851 648 1904 ipsius
673 1851 713 1890 A
731 1851 963 1906 multiplicem
988 1869 1080 1907 quae
1104 1853 1221 1907 primo
1241 1855 1357 1907 major
1376 1853 1417 1892 fit
1440 1852 1509 1906 ipsa
1527 1854 1610 1893 ΗΘ

162 1921 231 1962 five
254 1923 304 1968 K,
339 1932 378 1959 ut
413 1917 546 1959 faetum
581 1918 648 1959 fuit
678 1922 715 1960 in
739 1922 857 1973 primo
880 1921 971 1962 casu.
1029 1923 1148 1974 inepte
1172 1923 1277 1961 etiam
1301 1923 1400 1961 istam
1426 1925 1464 1961 K
1487 1924 1524 1962 ln
1550 1923 1611 1962 de-

160 1989 417 2031 monstratione
440 1987 615 2042 utriusque
639 1988 732 2028 casus
756 1991 909 2039 adducit,
934 1989 1023 2030 nulli
1046 1992 1143 2030 enim
1162 1992 1211 2029 rei
1234 1990 1381 2039 inservit,
1408 1990 1471 2030 nisi
1490 2003 1530 2031 ut
1549 1991 1610 2031 de-

159 2058 368 2098 monstratio
393 2056 562 2110 prolixior
593 2057 726 2096 evadat.
786 2060 835 2098 est
859 2061 965 2099 ctiam
991 2061 1107 2098 tertius
1130 2059 1226 2099 casus
1249 2061 1348 2113 cujus
1371 2061 1509 2099 mentio
1532 2074 1608 2100 non

159 2126 251 2167 faeta
275 2126 323 2164 cst
347 2127 383 2164 in
407 2126 474 2164 hac
498 2125 809 2175 demonstratione,
834 2128 861 2166 is
888 2127 931 2167 sc.
957 2129 993 2167 in
1013 2142 1087 2181 quo
1109 2130 1183 2167 ΑΕ
1202 2130 1237 2167 in
1256 2129 1384 2181 primo,
1409 2141 1469 2168 aut
1489 2132 1551 2168 ΕΒ
1570 2129 1607 2169 in

160 2193 315 2236 secundo
338 2193 416 2235 casu
439 2195 554 2249 major
578 2196 626 2235 cst
650 2209 757 2249 quam
780 2195 820 2234 A
827 2214 838 2244 3
873 2197 909 2235 in
933 2197 1004 2237 hoc
1036 2209 1154 2238 autem
1183 2195 1373 2239 sumendae
1396 2197 1474 2238 sunt
1498 2212 1606 2252 quae-

837 2266 873 2303 Z
909 2280 930 2305 z
1559 2267 1608 2307 vis
