2111 2755
225 196 322 265 384

340 1263 432 1296 35·3·

883 192 1420 244 NOTAE.

510 289 705 327 Ducantur
727 283 815 329 AE,
837 283 902 321 BF
926 282 972 322 ad
996 286 1109 322 rectos
1134 281 1283 337 angulos
1301 283 1364 336 ipfi
1382 284 1464 331 AB,
1488 294 1523 322 et
1545 284 1591 324 ad
1607 286 1801 327 contrarias
1825 287 1900 342 ejus

444 366 570 410 partes,
596 365 748 405 quarum
771 352 847 390 AE
870 349 1025 404 aequalis
1050 350 1091 390 fit
1115 350 1178 404 ipfi
1196 353 1240 399 C,
1264 364 1300 392 et
1316 353 1379 390 BF
1403 355 1518 390 rectae
1543 354 1594 391 D.
1639 355 1806 409 jungatur
1830 357 1900 395 EF

445 435 480 462 et
504 419 670 461 bifariam
693 418 825 459 secetur
848 420 886 458 in
911 422 963 467 G,
993 431 1187 472 centroque
1211 422 1262 468 G,
1293 418 1479 459 intervallo
1504 422 1580 459 GE
1606 421 1815 463 describatur
1837 425 1903 463 cir-

446 489 557 537 culus,
581 500 815 541 occurratque
833 491 948 527 rectae
967 489 1039 528 ΑΕ
1063 486 1175 527 rursus
1199 489 1236 527 in
1254 491 1308 536 H,

447 571 484 600 et
503 560 677 612 jungatur
701 558 787 603 HF,
822 569 856 596 et
888 556 934 596 ad
957 559 1028 597 AB
1061 556 1209 596 ducatur
1234 558 1309 596 GL

448 624 612 681 parallela
635 624 699 678 ipsi
721 627 815 671 AE;
856 637 1021 665 occurrat
1043 639 1127 664 vero
1158 623 1309 664 circulus

448 699 560 734 rectae
584 696 652 733 AB
675 693 867 747 productae
899 694 935 732 in
959 696 1019 740 M,
1055 695 1106 739 N,
1145 705 1180 732 et
1209 691 1309 746 super

448 765 520 803 BN
535 761 748 802 describatur
767 762 980 815 quadratum
993 763 1144 809 NBOP,
1159 773 1194 801 et
1206 776 1308 801 com-

446 830 582 887 pleatur
595 829 843 884 rectangulum
857 831 1027 882 ANPQ
1043 831 1229 882 Qoniam
1245 831 1309 883 igi-
1366 827 1369 829 ’
1401 821 1403 826 X

446 911 504 940 tur
528 898 679 954 angulus
703 901 811 938 EHF
835 899 872 938 in
903 897 1123 938 semicirculo
1149 897 1308 951 aequalis

446 969 498 1008 est
511 967 644 1022 angulo
658 972 755 1007 recto
768 969 889 1013 EAB,
903 965 1091 1019 parallelae
1105 978 1210 1006 erunt
1221 969 1303 1014 AB,

445 1039 520 1076 HF
529 1053 538 1082 ;
574 1034 737 1089 aequales
760 1036 864 1088 igitur
888 1033 968 1074 sunt
991 1037 1081 1083 AH,
1105 1037 1180 1083 BF,
1205 1048 1239 1074 et
1262 1036 1506 1090 reclangulum
1532 1041 1623 1086 EA,
1655 1042 1734 1080 AH
1758 1041 1906 1094 aequale

444 1103 651 1158 reclangulo
673 1106 758 1151 EA,
782 1105 858 1151 BF,
881 1103 952 1143 hoc
973 1105 1020 1143 est
1038 1103 1101 1157 ipfi
1122 1105 1165 1151 C,
1186 1106 1225 1143 D
1244 1105 1463 1159 rectangulo.
1499 1119 1533 1146 et
1552 1109 1723 1160 quoniam
1744 1110 1907 1163 aequales

446 1172 525 1212 sunt
547 1175 642 1220 ML,
666 1175 752 1220 LN,
776 1184 816 1211 ut
840 1185 874 1211 et
900 1175 986 1219 AL,
1014 1175 1093 1220 LB,
1117 1185 1223 1212 erunt
1248 1185 1283 1212 et
1306 1176 1410 1221 MA,
1445 1177 1515 1214 BN
1540 1176 1714 1229 aequales,
1742 1190 1777 1217 et
1800 1194 1908 1232 prop-

447 1253 542 1282 terea
565 1239 811 1295 reciangulum
835 1243 923 1288 AN,
950 1244 1018 1282 NB
1042 1241 1185 1294 aequale
1209 1242 1257 1280 est
1281 1241 1344 1295 ipfi
1368 1245 1472 1290 MA,
1513 1246 1603 1292 AN,
1639 1246 1709 1285 hoc
1734 1247 1782 1285 est
1807 1253 1821 1270 ²¹
1844 1248 1909 1301 ipsi

445 1313 532 1357 EA,
558 1312 637 1349 AH
662 1309 730 1348 five
754 1309 958 1363 rectangulo
977 1312 1020 1358 C,
1041 1313 1090 1349 D.
1147 1309 1389 1364 reciangulum
1413 1312 1520 1365 igitur
1548 1316 1639 1361 AN,
1665 1316 1744 1362 NB,
1770 1315 1839 1355 hoc
1859 1317 1907 1355 est

444 1377 558 1431 ipsum
582 1380 647 1416 ΑΡ
673 1377 817 1430 aequale
841 1379 889 1416 est
913 1377 1120 1431 rectangulo
1142 1380 1187 1426 C,
1213 1381 1264 1417 D.
1321 1379 1367 1417 ad
1399 1380 1519 1418 datam
1552 1381 1655 1434 igitur
1682 1387 1811 1422 rectam
1837 1386 1906 1424 AB

447 1446 533 1485 dato
557 1444 761 1498 reftangulo
779 1447 822 1492 C,
843 1447 882 1483 D
902 1445 1048 1498 aequale
1068 1444 1309 1499 reetangulum
1328 1449 1394 1486 ΑΡ
1416 1447 1630 1500 applicatum
1650 1452 1709 1499 est,
1733 1453 1907 1492 excedens

446 1513 623 1568 quadrato
647 1515 719 1551 BP.
792 1513 906 1563 Qiod
932 1512 1049 1552 facere
1072 1513 1273 1566 oportebat.

512 1582 801 1622 Constructiones
819 1581 883 1619 has
912 1577 983 1630 3³³³.
1003 1593 1038 1620 et
1059 1578 1124 1633 4⁶.
1140 1580 1372 1621 Problematis
1392 1583 1536 1635 primus,
1557 1597 1728 1638 quantum
1747 1587 1827 1635 scio,
1843 1589 1908 1629 de-

445 1651 495 1691 dit
519 1649 787 1690 Willcbrordus
811 1649 962 1688 Snellius
986 1650 1023 1688 in
1047 1648 1250 1703 Apollonio
1273 1648 1336 1688 suo
1359 1653 1505 1700 Batavo,
1536 1666 1570 1693 et
1601 1657 1719 1707 postea
1744 1656 1799 1696 Cl.
1815 1658 1906 1698 Hal-

446 1719 533 1759 leius
557 1720 594 1759 in
618 1717 741 1759 Schol.
768 1718 813 1758 ad
838 1720 945 1772 Prop.
981 1733 994 1758 1
1012 1719 1051 1758 8.
1077 1718 1159 1759 Lib.
1191 1715 1248 1757 8⁸i
1270 1720 1492 1760 Conicorum
1517 1722 1718 1776 Apollonii,
1751 1739 1770 1764 a
1794 1725 1828 1766 se
1851 1741 1904 1766 re-

445 1790 562 1828 stituti.
972 1810 975 1815 ¹

513 1855 706 1896 Problcma
727 1869 765 1906 3.
791 1857 839 1895 ita
857 1856 957 1896 aliter
976 1859 1191 1904 enuntiatur,
1212 1856 1331 1895 datam
1351 1862 1482 1898 restam
1497 1862 1564 1900 AB
1583 1860 1696 1901 secare
1713 1863 1750 1901 in
1771 1865 1904 1915 puncto

445 1929 496 1974 N,
511 1941 544 1965 ct
564 1924 679 1965 facere
703 1925 947 1979 rectangulum
973 1941 992 1965 a
1012 1925 1196 1980 segmentis
1218 1928 1309 1972 AN,
1328 1928 1397 1964 NB
1417 1929 1563 1982 aequale
1579 1931 1663 1970 dato
1681 1930 1803 1984 spatio.
1839 1931 1904 1979 vel,

444 1995 542 2047 quod
567 1995 695 2034 eodem
721 1994 820 2039 redit,
847 1996 946 2033 Data
972 1994 1107 2034 summa
1135 1998 1204 2036 AB
1228 1992 1380 2033 laterum
1406 1998 1609 2053 rectanguli,
1641 2001 1797 2053 datoque
1829 2014 1904 2041 rcc-

446 2062 593 2116 tangulo
617 2062 875 2115 magnitudine,
901 2062 1010 2103 latera
1035 2064 1202 2105 invenire.

512 2133 563 2170 Et
587 2130 780 2170 Problema
801 2145 843 2182 4.
868 2132 962 2171 idem
989 2134 1037 2172 est
1061 2149 1142 2173 cum
1168 2135 1252 2181 hoc,
1275 2136 1431 2175 invenire
1457 2136 1493 2175 in
1520 2134 1600 2175 data
1621 2140 1713 2176 resta
1732 2139 1801 2177 AB
1820 2152 1902 2190 pro-

442 2200 550 2240 ducta
572 2203 744 2254 ptmc'tum
764 2203 800 2239 N
821 2201 921 2254 quod
941 2200 1046 2242 faciet
1064 2203 1309 2259 rectangulum
1330 2208 1422 2253 AN,
1448 2205 1519 2244 NB
1540 2205 1687 2259 aequale
1711 2206 1795 2245 dato
1825 2204 1900 2258 spa-

1838 2287 1900 2325 uo,
