2111 2755
456 186 742 236 LIBER
799 184 1171 235 SEXTUS.
1679 185 1814 253 133v

100 280 231 337 angulo
255 279 399 335 quidem
418 280 516 319 ABC
537 277 691 331 aequalis
716 276 863 331 angulus
880 276 1003 322 FEG,
1024 274 1154 329 angulo
1179 283 1298 313 autem
1316 273 1417 312 BCA
1436 286 1549 327 angu-

99 351 153 392 lus
165 352 283 390 EFG.
322 362 428 401 quare
441 346 593 400 reliquus
607 348 712 386 BAC
727 344 872 399 angulus
885 342 1022 396 reIIquo
1036 345 1144 383 EGF
1158 342 1206 382 est
1218 336 1396 395 aequalisb
1403 359 1414 388 3
1448 342 1546 381 ideo·
1559 349 1587 379 b.
1605 358 1656 389 32.
1672 357 1700 380 1.

99 434 168 473 que
191 415 469 471 aequiangulum
493 416 540 454 cst
564 413 777 468 triangulum
800 415 900 453 ABC
925 411 1100 464 triangulo
1122 412 1243 451 EGF.
1287 408 1546 462 triangulorum

97 488 201 541 igitur
227 488 342 532 ABC,
379 486 488 524 EGF
522 480 800 535 proportionalia
831 480 909 519 sunt
934 478 1040 518 latera
1064 495 1154 533 quae
1185 477 1387 532 aequalibus
1410 477 1546 532 angulis

99 554 390 594 subtendunturc.
434 565 518 604 ergo
542 562 580 588 ut
598 551 665 588 AB
690 548 734 587 ad
752 549 826 594 BC,
850 548 899 585 ita
1556 557 1583 578 e.
1598 546 1674 585 4.6.

100 625 175 664 GE
200 622 245 662 ad
258 623 326 661 EF
335 638 344 668 3
378 618 436 658 sed
459 630 498 657 ut
515 617 583 658 AB
608 617 652 656 ad
665 618 741 664 BC,
758 615 807 654 ita
825 616 900 653 DE
1179 588 1221 630 Α
1400 627 1449 668 Β,

101 692 146 731 ad
159 693 226 730 EF
235 709 245 738 ς
268 701 306 728 ut
323 689 425 742 igitur
439 689 515 726 DE
533 685 578 724 ad
595 687 675 730 EF,
701 685 748 722 ita
766 685 843 721 GE
856 682 901 721 ad
1100 682 1143 721 s
1328 703 1331 705 >

100 762 167 799 EF
177 754 205 797 d,
241 771 352 810 quare
374 766 521 805 utraque
544 751 692 804 Ipsarum
710 752 799 797 DE,
825 751 900 788 GE
1031 728 1092 810 is
1144 635 1225 809 [X
1251 678 1494 932 ΕΘΓ
1557 746 1587 775 d.
1607 752 1655 775 11.
1667 753 1697 786 5.

99 827 145 867 ad
168 827 235 865 EF
258 822 406 863 eandem
427 819 537 860 habet
559 819 842 872 proportionem,
866 828 902 856 et
987 821 1023 860 B
1198 813 1233 854 C

97 904 283 949 propterea
317 891 394 930 DE
429 888 492 942 ipfi
529 890 604 928 GE
628 888 676 926 est
700 884 902 939 aequalise;
1004 879 1013 889 '
1449 913 1492 952 G
1557 887 1629 918 e.9.
1644 885 1662 917 ς

98 961 223 1002 eadem
254 960 388 999 ratione
413 969 448 996 et
473 958 545 995 DF
568 954 721 1008 aequalis
746 955 794 993 est
817 956 901 993 FG.

98 1032 216 1083 itaque
239 1028 410 1081 quoniam
435 1027 513 1064 DE
537 1025 585 1063 est
608 1022 763 1076 aequalis
783 1024 871 1069 EG,
890 1021 1089 1060 communis
1108 1032 1227 1060 autem
1246 1022 1327 1068 EF,
1347 1020 1438 1060 duae
1455 1023 1546 1069 DE,

98 1100 165 1139 EF
190 1095 326 1136 duabus
351 1095 440 1140 GE,
463 1095 530 1132 EF
553 1091 631 1131 sunt
652 1089 813 1144 aequales
822 1108 832 1138 3
856 1102 890 1129 et
914 1088 1003 1128 bafis
1022 1091 1094 1128 DF
1119 1088 1192 1128 bafi
1204 1091 1277 1129 FG
1302 1089 1350 1128 est
1374 1088 1527 1142 aequalis
1536 1106 1546 1136 ;

99 1163 247 1219 angulus
270 1164 373 1216 igitur
396 1163 503 1200 DEF
539 1161 587 1199 est
623 1158 776 1212 aequalis
810 1157 944 1211 angulo
967 1151 1104 1205 GEFf‚
1140 1169 1175 1196 et
1205 1159 1312 1196 DEF
1336 1156 1546 1210 triangulum
1559 1166 1666 1196 f.8.1.

98 1231 243 1286 aequale
267 1228 440 1283 triangulo
459 1230 579 1276 GEF,
604 1239 638 1267 et
656 1226 782 1280 reliqui
805 1226 923 1280 anguli
940 1224 1079 1277 reliquis
1099 1224 1234 1279 angulis
1254 1224 1450 1277 aequalesg,
1470 1226 1546 1278 qui·
1558 1243 1587 1271 g.
1600 1240 1632 1269 4.
1647 1238 1677 1262 ιι,

99 1302 164 1342 bus
188 1298 343 1353 aequalia
373 1297 482 1336 latera
511 1295 779 1334 subtenduntur.
839 1309 923 1348 ergo
947 1293 1092 1347 angulus
1115 1293 1260 1345 quidem
1283 1294 1393 1331 DFE
1418 1293 1466 1330 est
1490 1307 1547 1332 ae-

101 1368 211 1424 qualiS
234 1365 367 1421 angulo
380 1366 500 1412 GFE,
528 1362 675 1417 angulus
697 1377 783 1402 vero
795 1365 906 1401 EDF
929 1360 1062 1414 angulo
1075 1363 1193 1399 EGF.
1233 1372 1268 1399 et
1286 1360 1459 1413 quoniam
1484 1375 1548 1400 an-

99 1436 202 1493 gulus
225 1437 334 1475 DEF
358 1435 406 1473 est
430 1431 582 1486 aequalis
606 1430 737 1485 angulo
762 1432 881 1477 GEF,
913 1442 948 1468 et
977 1428 1125 1482 angulus
1150 1430 1257 1468 GEF
1279 1427 1411 1482 angulo
1433 1431 1548 1477 ABC,

100 1507 164 1546 erit
187 1516 222 1543 et
244 1501 392 1556 angulus
418 1503 518 1540 ABC
542 1499 677 1554 angulo
696 1501 802 1538 DEF
826 1496 989 1550 aequalia
1039 1497 1162 1536 eadem
1181 1497 1317 1536 ratione
1340 1508 1376 1535 et
1398 1496 1547 1550 angulus

105 1575 206 1614 ACB
224 1569 377 1624 aequalis
400 1569 448 1607 est
471 1567 602 1622 angulo
627 1569 744 1615 DFE,
768 1578 803 1605 et
824 1566 940 1605 adhuc
963 1564 1111 1619 angulus
1136 1564 1180 1603 ad
1203 1567 1241 1604 A
1266 1563 1399 1619 angulo
1422 1565 1467 1603 ad
1492 1567 1544 1603 D.

101 1655 186 1695 ergo
215 1641 314 1680 ABC
340 1635 556 1690 triangulum
585 1634 762 1688 triangulo
793 1636 901 1673 DEF
927 1631 1202 1686 aequiangulum
1239 1633 1314 1673 erit.
1373 1633 1410 1672 Si
1438 1633 1544 1687 igitur

104 1710 177 1750 duo
201 1709 273 1747 ἃς.
321 1708 443 1758 QE.
469 1707 521 1743 D.

526 1816 693 1856 PROP.
730 1815 796 1852 VI.
869 1813 1104 1852 THEOR.

109 1908 202 2012 SI
225 1906 315 1951 duo
341 1901 563 1965 triangula
586 1917 729 1947 unum
754 1897 969 1961 angulum
1003 1897 1082 1944 uni
1118 1895 1285 1961 angulo
1314 1895 1547 1958 aequalem-

224 1972 432 2025 habeant,
452 1970 568 2016 circa
592 1967 795 2030 aequales
821 1981 972 2012 autern
998 1965 1185 2029 angulos
1203 1964 1342 2011 latera
1366 1982 1548 2026 propor-

102 2040 307 2096 tionalia3
341 2036 636 2101 aequiangula
677 2051 807 2081 erunt
844 2034 1079 2097 triangula,
1117 2048 1163 2079 et
1187 2034 1390 2095 aequales
1415 2033 1550 2080 habe-

103 2110 220 2158 bunt
246 2107 433 2174 angulos
459 2106 620 2170 quibus
645 2103 891 2168 homologa
914 2102 1052 2150 latera
1076 2102 1420 2150 subtenduntur.

1469 2240 1548 2280 Sint
