2111 2755
485 186 766 236 LIBER
824 183 1198 234 SEXTUS.
1685 186 1766 233 181

177 284 230 324 Sit
252 293 369 322 autem
392 292 431 320 ut
454 283 527 320 BD
551 281 594 320 ad
618 282 701 326 DC,
732 280 780 318 ita
802 280 874 318 BA
899 278 944 316 ad
971 278 1054 324 AC,
1086 288 1121 316 et
1147 276 1227 315 AD
1246 274 1427 330 jungatur.
1487 277 1552 316 erit

110 351 259 406 angulus
276 353 389 390 CAE
414 348 575 388 bifariam
599 347 707 387 festus
732 348 825 386 reeta
850 344 942 385 linea
970 346 1061 384 AD.

179 419 306 459 Iisdem
337 419 432 456 enirn
458 417 668 463 construffis,
705 414 876 467 quoniam
907 414 955 451 est
986 424 1026 451 ut
1048 414 1118 451 BD
1150 412 1196 450 ad
1220 413 1303 459 DC,
1339 412 1386 451 ita
1409 413 1479 452 BA
1503 412 1548 452 ad

107 491 195 534 AC;
231 487 279 526 est
302 498 418 524 autem
438 480 455 508 d
474 496 513 523 ut
531 486 602 522 BD
627 483 670 521 ad
696 485 777 528 DC,
801 483 849 519 ita
872 483 946 519 ΒΑ
972 480 1017 519 ad
1043 482 1126 527 AF,
1150 481 1283 519 etenim
1312 481 1376 518 uni
1398 478 1544 520 laterum
1557 495 1586 525 d.
1602 494 1672 525 2‚6‚

104 554 265 609 trianguli
287 555 393 600 BCF,
415 550 574 590 videlicet
591 549 654 602 ipfi
673 551 747 595 FC,
772 546 935 600 parallela
959 548 1059 585 dusta
1083 548 1130 585 est
1147 550 1237 593 AD,
1262 549 1327 586 erit
1349 559 1387 586 ut
1406 550 1479 587 BA
1501 549 1547 588 ad

104 626 185 671 AC,
211 624 258 661 ita
276 623 344 660 BA
361 620 406 659 ad
424 621 526 659 AFe.
561 620 664 671 Ergo
686 618 756 656 AC
781 616 829 654 est
852 613 1007 666 aequalis
1034 609 1134 659 AFf,
1170 626 1205 652 et
1227 627 1411 667 propterea
1435 630 1544 669 angu-
1556 616 1584 679 ἕ·
1603 615 1650 636 ¹¹·
1666 614 1696 646 5*

106 690 159 731 lus
182 691 280 731 AFC
303 686 436 741 angulo
458 688 558 725 ACF
581 683 743 736 aequalis.
803 681 860 721 scd
885 681 1031 734 angulus
1054 681 1197 732 quidem
1220 684 1323 720 AFC
1347 684 1395 720 cst
1420 697 1547 736 aequa·
1573 658 1626 689 ⁵9⁸
1645 658 1673 689 5⁹

105 758 144 799 lis
168 755 298 810 angulo
322 754 483 793 exteriori
506 754 632 797 EAD,
664 748 812 803 angulus
841 763 924 787 vero
953 750 1057 788 ACF
1080 747 1231 801 aequalis
1261 748 1397 788 alterno
1421 752 1548 799 ΕΑΒ,-

103 839 212 879 quare
235 834 270 861 et
291 823 406 860 EAD
429 818 578 873 angulus
601 818 663 871 ipsi
688 820 801 857 CAD
826 815 976 869 aequalis
1000 817 1073 854 erit.
1134 815 1282 869 angulus
1310 818 1412 870 igitur
1434 820 1546 858 CAE

102 891 268 933 bifariam
290 888 398 929 scetus
422 889 470 928 est
494 891 587 927 reeta
610 886 701 926 linea
724 888 812 925 AD.
866 887 966 938 Ergo
990 883 1017 922 fi
1041 883 1113 922 &a
1164 883 1225 935 Q
1246 886 1292 924 E.
1322 887 1373 924 D.

530 999 702 1037 PROP.
741 997 807 1034 IV.
878 995 1110 1034 THEOR.

105 1088 634 1192 AEQmANGULORUM
661 1080 989 1145 triangulorum
1014 1080 1153 1126 latera
1181 1080 1352 1128 circum
1387 1099 1546 1146 aequa-

236 1156 297 1201 les
323 1154 509 1217 angulos
540 1149 890 1214 proportionalia
924 1149 1039 1195 sunt.
1101 1163 1147 1194 et
1170 1149 1415 1216 homologa
1444 1152 1547 1199 sunt

102 1226 240 1273 latera
265 1239 378 1285 quae
402 1221 659 1284 aequalibus
685 1218 857 1282 angulis
884 1218 1225 1265 subtenduntur.
1272 1216 1275 1218 ’

170 1367 249 1405 Sint
268 1361 499 1416 aequiangula
518 1360 689 1417 triangula
706 1362 820 1410 ΑΒΕ,
839 1362 948 1400 DCE
967 1375 1057 1413 quac
1082 1358 1252 1412 angulum
1277 1359 1424 1413 quidem
1446 1361 1548 1400 ΑΒΕ

103 1432 233 1487 angulo
258 1435 379 1478 DCE,
403 1430 575 1484 angulum
598 1446 681 1470 vero
705 1433 807 1470 ACB
830 1428 960 1482 angulo
981 1430 1102 1475 DEC,
1127 1427 1310 1479 aequalem
1329 1427 1494 1475 habeant,
1514 1440 1549 1467 et

104 1512 290 1555 propterea
304 1506 317 1522 ³
331 1498 499 1552 angulum
511 1502 610 1539 ΒΑΕ
629 1498 763 1552 angulo
775 1500 896 1537 CDE.
935 1498 1030 1535 Dico
1045 1495 1300 1549 triangulorum
1313 1497 1423 1543 ΑΒΕ,
1438 1498 1545 1537 DCE
1558 1518 1585 1538 a.
1599 1516 1649 1548 3²·
1664 1516 1690 1537 1.

104 1566 383 1623 proportionalia
418 1564 485 1604 effe
519 1565 624 1605 latera
649 1582 737 1618 quae
767 1565 844 1604 sunt
866 1567 958 1604 circa
1029 1572 1068 1614 f

105 1634 268 1688 aequales
287 1632 452 1687 angulos;
487 1645 521 1671 et
543 1632 744 1686 homologa
764 1632 870 1671 latera
890 1631 957 1670 effe
1074 1607 1091 1723 χ

105 1718 194 1757 quae
218 1701 425 1754 aequalibus
444 1701 577 1754 angulis
601 1699 869 1739 subtenduntur.
1034 1705 1083 1747 Α
1369 1731 1378 1735 -

172 1774 331 1809 Ponatur
356 1765 371 1792 b
396 1770 491 1807 enim
523 1767 738 1822 triangulum
768 1770 876 1807 DCE
909 1768 956 1806 ita
1309 1731 1351 1772 D
1559 1768 1587 1797 b.
1603 1775 1693 1797 22.1.

105 1851 145 1879 ut
166 1837 255 1877 latus
279 1839 352 1890 ejus
377 1838 445 1876 CE
469 1838 504 1875 in
530 1837 701 1875 direcftum
732 1836 772 1874 fit
800 1835 862 1888 ipfi
881 1837 955 1874 ΒΕ.
1053 1865 1093 1914 Β

106 1919 140 1947 et
154 1907 322 1959 quoniam
337 1903 456 1958 anguli
473 1906 586 1951 ΑΒΕ,
609 1906 711 1943 ΑΕΒ
732 1903 869 1942 duobus
883 1917 957 1941 rec·
1310 1899 1359 1949 G'
1435 1901 1477 1949 E

106 1976 146 2014 tis
170 1974 325 2012 minores
344 1972 456 2017 suntc,
479 1971 632 2024 aequalis
651 1984 767 2010 autem
792 1973 840 2009 cst
863 1969 1008 2024 angulus
1020 1972 1122 2010 ACB
1141 1970 1273 2024 angulo
1294 1973 1421 2018 DEC;
1445 1985 1548 2012 erunt
1559 1992 1584 2012 c.
1606 1991 1695 2020 17.1.

108 2043 221 2086 ΑΒΕ,
243 2042 351 2079 DEC
370 2038 487 2092 anguli
511 2038 651 2078 duobus
676 2040 774 2078 reeiis
797 2040 964 2077 minores.
1014 2053 1119 2090 quare
1143 2041 1227 2085 BA,
1257 2042 1333 2078 ED
1356 2041 1549 2092 produdtae

105 2110 195 2149 inter
213 2107 246 2146 se
264 2102 498 2147 convenientd
509 2125 517 2153 5
552 2108 793 2159 producantur
816 2119 851 2145 et
869 2106 1081 2145 conveniant
1105 2108 1142 2145 in
1167 2112 1299 2159 pundto
1317 2111 1358 2146 F.
1404 2121 1438 2148 ct
1457 2124 1546 2161 quo-
1562 2118 1658 2146 d.Ax.
1675 2124 1722 2147 12.
1740 2124 1766 2146 1.

107 2177 203 2217 niam
227 2175 373 2231 angulus
393 2177 500 2215 DCE
525 2176 572 2214 est
604 2174 756 2228 aequalis
787 2173 918 2230 angulo
944 2176 1057 2224 ABG,
1083 2176 1147 2214 erit
1169 2177 1230 2216 BF
1255 2176 1318 2229 ipsi
1341 2178 1413 2217 CD
1437 2176 1549 2229 paral—

1448 2242 1548 2283 lelae.
