2111 2755
278 213 373 266 334
655 190 1055 245 Eucmms
1101 189 1766 242 ELEMENTORUM

495 301 589 343 quae
611 284 832 326 subtenditur
856 298 876 323 a
899 286 991 322 reeta
1015 280 1152 336 aequali
1174 280 1238 335 ipfi
1263 283 1351 322 GU.
1412 279 1641 335 relinquatur,
1672 284 1783 339 sitque
1806 285 1960 326 circum—

498 355 648 398 ferentia
673 355 753 393 KB.
799 353 920 392 minor
943 351 1047 405 igitur
1070 351 1119 390 est
1142 354 1236 390 reeta
1262 349 1355 390 linea
1372 352 1441 390 KB
1461 365 1571 404 quarn
1591 353 1677 392 GU.
1728 366 1764 394 et
1787 356 1962 408 quoniam

499 422 649 479 angulus
672 424 779 462 BZK
803 421 852 460 est
874 419 1032 468 obtusus,
1058 432 1096 459 ut
1119 418 1296 460 ostensum
1321 418 1401 467 fuit,
1426 420 1492 459 erit
1514 422 1586 459 ΒΚ
1609 422 1727 474 major
1750 438 1856 475 quam
1880 425 1960 462 BZ.

498 493 558 534 sed
584 493 661 532 GU
687 505 798 545 quam
821 492 892 530 ΒΚ
917 491 965 529 est
989 490 1105 543 major
1122 507 1131 536 3
1167 488 1286 528 multo
1308 490 1414 543 igitur
1437 490 1554 543 major
1577 490 1626 528 est
1650 491 1727 528 GU
1751 505 1861 543 quam
1884 492 1965 538 BZ,

500 576 536 602 et
560 560 776 615 quadratum
804 574 849 598 ex
873 561 950 599 GU
975 559 1151 613 quadrato
1175 573 1218 597 ex
1242 560 1310 597 BZ
1330 559 1454 612 majus.
1504 558 1552 596 est
1572 570 1692 597 autem
1711 561 1788 598 AU
1812 560 1966 613 aequalis

501 630 566 685 ipsi
585 631 656 669 AB
665 647 675 677 ς
711 644 797 683 ergo
821 628 1033 682 quadratum
1057 643 1102 667 ex
1124 629 1210 674 AU,
1236 627 1306 666 hoc
1330 627 1379 666 est
1403 626 1575 679 quadrata
1600 641 1643 665 ex
1671 629 1764 675 AG,
1791 628 1878 675 GU,
1910 644 1968 668 ae-

503 698 609 754 quale
634 699 682 738 est
707 698 884 751 quadrato
908 712 951 736 ex
964 699 1043 745 AB,
1068 696 1140 736 hoc
1159 697 1207 735 est
1226 695 1406 749 quadratis
1425 711 1468 735 ex
1487 696 1573 741 ΑΖ,
1588 697 1652 734 ΖΒ
1668 714 1677 743 ;
1712 697 1830 735 minus
1849 709 1968 737 autem

503 770 553 808 est
572 768 787 821 quadratum
812 781 856 805 ex
873 768 941 806 BZ
967 766 1143 819 quadrato
1165 779 1210 804 ex
1228 767 1305 804 GU
1313 783 1323 812 3
1359 763 1535 817 reliquum
1560 765 1666 818 igitur
1690 766 1906 818 quadratum
1927 780 1970 806 ex

507 839 585 878 AZ
609 837 723 891 majus
750 837 799 875 est
826 835 1003 889 quadrato
1030 850 1074 875 ex
1096 836 1188 883 AG,
1213 846 1249 873 et
1273 833 1323 873 ob
1347 833 1384 872 id
1410 836 1504 872 reeta
1530 832 1622 873 linea
1645 836 1718 874 AZ
1745 849 1854 888 quam
1878 839 1971 875 reeta

506 908 584 947 AG
611 907 659 945 est
683 906 812 959 major.

574 977 685 1015 COR.
707 975 743 1012 Si
762 987 846 1012 vero
866 984 900 1012 et
918 974 955 1011 in
976 970 1084 1011 altera
1102 970 1248 1025 sphaera
1266 969 1479 1010 describatur
1498 969 1648 1010 solidum
1668 970 1886 1024 polyedrum
1907 972 1973 1012 du-

505 1043 624 1084 cendo
643 1042 686 1082 sc.
711 1046 820 1081 rectas
844 1043 935 1081 inter
959 1045 1089 1095 punGta
1107 1042 1145 1080 in
1165 1040 1294 1094 quibus
1320 1044 1433 1079 redae
1453 1055 1543 1093 quae
1562 1055 1582 1078 a
1600 1052 1724 1080 centro
1743 1040 1910 1094 sphaerae
1928 1041 1974 1081 ad

509 1127 638 1153 omnes
663 1110 814 1165 angulos
839 1109 939 1150 solidi
959 1109 1120 1164 polyedri
1140 1110 1177 1149 in
1195 1111 1323 1164 majori
1342 1107 1488 1163 sphaera
1507 1107 1680 1162 descripti,
1698 1108 1890 1163 superficiei
1908 1111 1974 1150 mi-

508 1183 607 1222 noris
631 1192 834 1227 occurrunt,
860 1180 990 1220 eodem
1015 1179 1142 1218 ordine
1167 1194 1243 1232 quo
1262 1182 1392 1231 punem
1410 1177 1539 1231 quibus
1557 1178 1702 1217 eaedem
1721 1182 1835 1218 reetae
1857 1177 1975 1232 super·

509 1252 602 1290 ficiei
627 1251 771 1304 majoris
808 1248 975 1302 sphaerae
1010 1263 1213 1296 occurrunt,
1258 1248 1358 1287 reais
1389 1249 1609 1302 junguntur3
1644 1246 1792 1287 habebit
1822 1246 1975 1287 solidum

514 1319 730 1373 polyedrum
755 1319 791 1357 in
817 1318 961 1371 sphaera
983 1320 1123 1357 BCDE
1147 1317 1192 1356 ad
1218 1315 1366 1356 solidum
1391 1315 1606 1370 polyedrum
1631 1316 1669 1354 in
1699 1315 1808 1356 altera
1830 1315 1976 1370 sphaera

511 1386 726 1441 triplicatam
763 1387 938 1426 rationem
975 1387 1049 1440 ejus
1086 1401 1195 1439 quam
1231 1386 1401 1424 diameter
1436 1383 1603 1437 sphaerae
1625 1386 1767 1424 BCDE
1797 1384 1907 1425 habet
1931 1385 1977 1425 ad

513 1455 653 1494 alterius
678 1454 843 1508 sphaerae
868 1455 1092 1494 diametrum.
1143 1454 1255 1493 divisis
1280 1455 1375 1493 enim
1400 1451 1518 1492 solidis
1541 1453 1578 1491 in
1603 1453 1804 1506 pyramides
1822 1468 1977 1494 nurnero

512 1522 687 1577 aequales,
715 1535 749 1562 et
773 1521 929 1576 ejusdem
954 1518 1105 1570 ordinis}
1142 1534 1245 1562 erunt
1268 1521 1471 1575 pyramides
1495 1520 1636 1560 ssmiles.
1685 1522 1818 1562 etenim
1841 1521 1978 1563 habent

513 1591 663 1647 angulos
687 1591 818 1632 solidos
843 1592 889 1631 ad
912 1592 1091 1639 verticem,
1115 1590 1282 1644 sphaerae
1306 1590 1350 1630 sc.
1374 1602 1551 1638 centrum,
1575 1604 1799 1640 communes,
1823 1590 1978 1645 reliquos

364 1677 598 1712 a.ss.11,vero
623 1661 773 1715 angulos
805 1659 936 1700 solidos
963 1661 1008 1700 ad
1033 1659 1129 1700 bases
1154 1661 1244 1700 inter
1268 1659 1301 1699 se
1325 1658 1487 1714 aequales
1498 1665 1523 1706 ³,
1552 1660 1726 1712 quoniam
1751 1661 1980 1700 continentur

514 1731 624 1771 tribus
649 1729 784 1785 angulis
808 1728 920 1784 planis
945 1731 1017 1784 qui,
1052 1729 1179 1785 singuli
1203 1728 1356 1784 singulis,
1393 1730 1485 1768 inter
1516 1726 1549 1767 se
1581 1727 1660 1767 sunt
1684 1727 1846 1782 aequales
1854 1747 1865 1778 3
1901 1744 1978 1770 eae-

516 1801 672 1854 demque
684 1800 886 1854 pyramides
900 1800 1130 1839 coutinentur
1142 1797 1311 1838 similibus
1324 1797 1436 1852 planis
1450 1796 1680 1837 multitudine
1699 1797 1918 1852 aequalibus,
1943 1812 1978 1838 et

307 1886 332 1910 b.
349 1892 384 1909 ιι.
396 1883 452 1909 nef.
468 1890 504 1908 11.
517 1882 705 1924 propterea
719 1868 848 1908 fimiles
860 1867 938 1908 fimt
947 1865 975 1907 b.
1018 1867 1146 1908 ssmiles
1161 1880 1278 1908 autem
1292 1867 1493 1921 pyramides
1507 1867 1597 1905 inter
1611 1865 1643 1906 se
1658 1867 1694 1905 in
1709 1866 1882 1920 triplicata
1896 1866 1977 1907 sunt

292 1954 317 1973 c.
332 1943 500 1973 Cor-8·12·
517 1941 655 1979 ratione
679 1937 966 1992 homologorum
991 1936 1176 1977 latex-tunc,
1234 1938 1335 1990 Ergo
1359 1937 1514 1990 pyramis
1538 1936 1638 1990 cujus
1658 1934 1746 1975 bafis
1771 1937 1819 1975 est
1844 1938 1979 1977 KBOS

516 2007 806 2062 quadrilaterum,
850 2019 968 2047 vertex
1004 2019 1122 2046 autem
1158 2009 1332 2060 punfhlm
1365 2009 1414 2053 A,
1457 2005 1502 2045 ad
1538 2005 1763 2058 pyramidem
1798 2006 1836 2044 in
1871 2004 1980 2045 altera

516 2076 662 2131 sphaera
687 2076 841 2131 ejusdem
867 2077 1001 2116 ordinis
1025 2075 1232 2130 triplicatam
1257 2077 1433 2115 rationem
1457 2074 1567 2114 habet
1586 2074 1659 2128 ejus
1678 2089 1787 2127 quam
1806 2073 1893 2113 latus
1912 2074 1981 2113 ho-

516 2145 705 2201 mologum
730 2146 839 2186 habet
863 2147 907 2186 ad
932 2145 1172 2200 homologum
1197 2144 1299 2192 latus,
1326 2144 1397 2184 hoc
1422 2145 1470 2183 est
1489 2158 1598 2197 quam
1617 2142 1725 2182 habet
1743 2145 1810 2183 AB
1830 2157 1873 2181 ex
1897 2157 1981 2182 cen-

518 2228 576 2256 tro
600 2215 766 2271 sphaerae
789 2217 945 2269 majoriS,
969 2216 1013 2255 ad
1040 2230 1119 2255 eam
1145 2230 1236 2269 quae
1261 2216 1309 2254 est
1333 2229 1377 2254 ex
1400 2226 1525 2254 centro
1548 2211 1686 2253 alterius
1710 2211 1885 2266 sphaerae.
1938 2211 1981 2251 si-

1852 2278 1981 2321 militer
