2111 2755
281 210 378 264 350

952 187 1492 237 NOTAE.

500 282 668 329 conversa
690 281 812 322 addita
836 280 897 320 est.
941 291 1123 334 praeterea
1146 280 1183 320 in
1208 279 1511 321 demonstratione
1534 282 1669 335 primae
1692 284 1810 337 partis,
1832 285 1966 326 diame-

500 370 553 398 ter
576 355 656 395 AD
679 349 737 407 (in
760 351 873 406 figura
890 349 1171 406 Commandini)
1195 350 1314 404 major
1335 350 1532 390 ostenditur
1554 353 1649 391 rect&
1671 355 1737 393 BC
1760 369 1831 408 ope
1855 359 1968 396 rectae

501 427 603 473 MN,
626 437 712 463 cum
735 419 941 462 immediate
964 418 1038 460 fine
1060 419 1129 460 hac
1153 419 1291 459 ostendi
1315 420 1441 473 potest.
1493 417 1562 460 alia
1585 421 1689 475 igitur
1713 422 1967 465 demonstratio

503 494 620 550 posita
644 493 694 532 est
718 489 839 532 similis
862 490 894 530 ei
918 491 992 544 qufi
1018 488 1188 530 Euclides
1211 489 1321 529 utitur
1344 490 1380 529 in
1406 489 1639 543 praecedente
1671 504 1684 530 1
1700 504 1742 543 4.
1779 503 1814 531 et
1843 495 1970 534 eadem

506 577 618 618 quam
644 559 880 602 Theodofius
906 560 1011 600 tradit
1040 560 1078 600 in
1102 562 1212 613 Prop.
1245 558 1285 599 6.
1311 558 1394 599 Lib.
1430 572 1466 599 1.
1493 559 1781 613 Sphaericorum,
1818 562 1855 601 in
1890 562 1969 603 casu

504 633 659 674 omnino
682 629 799 672 fimili.

933 722 1102 762 PROP.
1141 723 1248 762 XVI.
1320 723 1430 761 LIB.
1468 723 1538 761 ΙΙΙ.

571 841 618 879 In
635 837 704 878 hac
727 851 849 877 verum
873 834 1009 875 sensum
1029 834 1289 889 Proposrtionis
1312 834 1475 874 dedimus
1499 833 1573 874 fine
1591 836 1777 875 mentione
1795 834 1888 877 facta
1907 853 1971 879 an-

503 907 578 964 guli
601 905 816 954 semicirculi,
841 917 901 945 aut
925 905 998 958 ejus
1023 920 1134 958 quem
1157 903 1267 958 aliqui
1299 904 1510 955 concipiunt
1539 905 1715 945 contineri
1739 919 1759 944 a
1782 906 1973 948 circumfe-

502 979 616 1021 rentia
640 988 676 1017 et
698 976 943 1028 contingente,
979 973 1024 1014 de
1048 972 1177 1028 quibus
1201 971 1339 1028 angulis
1362 971 1515 1021 Clavim,
1549 972 1739 1014 Peletarius
1763 974 1890 1030 aliique
1914 992 1969 1017 re—

501 1048 679 1088 centiores
695 1043 852 1086 multum
867 1045 959 1084 inter
977 1041 1011 1083 se
1031 1043 1309 1092 contenderunt,
1328 1055 1362 1083 et
1381 1041 1427 1083 ab
1445 1041 1567 1083 iisdem
1586 1044 1768 1097 paradoxa
1787 1043 1863 1085 stitis
1881 1048 1973 1087 mira

503 1116 741 1163 deduxerunt,
769 1113 900 1169 quibus
924 1112 1065 1153 nullum
1090 1112 1369 1153 fundamentum
1388 1112 1537 1166 praebet
1560 1113 1760 1153 enuntiatio
1782 1128 1879 1154 nunc
1903 1127 1972 1156 tra-

505 1187 589 1227 dita.
627 1184 784 1225 similiter
807 1182 899 1224 nihil
923 1183 968 1223 de
991 1182 1125 1238 angulo
1144 1181 1315 1238 segmenti
1333 1183 1492 1237 majoris,
1515 1181 1571 1222 vel
1593 1183 1744 1223 minoris
1767 1183 1918 1225 diximus
1936 1186 1974 1225 in

503 1258 616 1310 Prop.
648 1268 668 1304 3
687 1268 722 1294 1.
742 1254 850 1308 hujus
868 1252 988 1299 Libri;
1024 1251 1083 1292 sed
1106 1251 1244 1292 sensum
1261 1251 1519 1305 Propofitionis
1539 1250 1613 1291 fine
1631 1252 1671 1291 iis
1689 1253 1971 1302 enuntiavimus5

502 1337 540 1364 et
563 1325 653 1364 haec
676 1323 821 1376 quidem
841 1321 1038 1362 adulterina
1058 1320 1128 1361 esse
1146 1336 1222 1361 non
1243 1333 1377 1361 temere
1400 1319 1561 1375 suspicari
1574 1320 1739 1375 aliquem
1758 1320 1858 1375 posse
1876 1323 1973 1364 affir-

507 1406 583 1435 mat
606 1393 713 1432 Victa
737 1392 774 1431 in
798 1405 881 1446 pag.
908 1390 1016 1440 386.
1044 1393 1155 1445 Oper.
1182 1389 1305 1430 Math.

924 1504 1097 1542 PROP.
1136 1502 1266 1541 XVII.
1338 1502 1445 1541 LIB.
1483 1503 1554 1541 III.

575 1598 674 1638 Huic
697 1595 817 1637 casum
843 1595 1047 1636 addidimus
1071 1595 1109 1634 in
1141 1609 1217 1648 quo
1241 1597 1416 1648 punctum
1442 1594 1567 1634 datum
1592 1608 1612 1633 a
1637 1607 1711 1648 quo
1734 1593 1898 1636 ducenda
1925 1596 1975 1637 est

505 1671 599 1709 recta
622 1666 718 1708 finea
740 1665 912 1707 circulum
937 1665 1163 1719 contingen&
1191 1665 1239 1704 est
1261 1665 1298 1704 in
1318 1661 1438 1704 circuli
1456 1661 1755 1704 circumferentia.

945 1780 1118 1819 PROP.
1154 1778 1242 1817 XX.
1312 1779 1423 1818 LIB.
1461 1779 1531 1818 ΙΙΙ.

577 1873 704 1914 Verba
723 1874 767 1914 ad
787 1873 927 1913 initium
946 1870 1118 1911 secundae
1138 1872 1243 1925 partis
1262 1870 1368 1926 hujus
1392 1870 1711 1917 demonstrationis,
1741 1873 1763 1892 “
1783 1860 1976 1911 κεκλοίοῧω

508 1949 530 1967 “
555 1937 594 1988 δὴ
612 1938 727 1984 πάλιν
739 1944 757 1958 ‘’
783 1942 910 1983 scilicet
924 1943 1041 1988 BDC,
1062 1940 1155 1981 male
1168 1953 1352 1981 vertuntur
1366 1955 1385 1979 a
1398 1940 1542 1994 Briggio
1556 1940 1783 1993 ctGregorio
1801 1946 1823 1962 “
1835 1937 1974 1979 Rursus

506 2017 530 2036 “
555 2013 775 2061 inclinetur,’'
802 2011 935 2052 debent
958 2012 1055 2050 enim
1072 2011 1168 2059 verti,
1194 2022 1234 2049 ut
1253 2025 1272 2049 a
1292 2009 1577 2056 commandino,
1616 2013 1637 2030 “
1658 2006 1794 2048 Rursus
1817 2008 1974 2048 inflecta-

511 2086 534 2105 “
558 2082 647 2121 tur.'’
684 2082 818 2121 inflecti
851 2093 968 2121 autem
997 2081 1123 2120 dicitur
1149 2085 1240 2120 recia
1273 2078 1365 2118 linea
1399 2079 1444 2118 ad
1474 2078 1616 2125 lincam,
1649 2076 1717 2117 five
1742 2081 1874 2117 rectam
1904 2077 1972 2117 sive

507 2166 666 2199 curvam,
693 2151 840 2204 quando
866 2166 885 2190 a
912 2154 1049 2204 puncto
1074 2150 1119 2190 ad
1151 2149 1282 2189 lincam
1309 2147 1408 2188 illam
1435 2148 1538 2187 dueta
1564 2148 1610 2186 ess
1637 2151 1728 2186 recia
1753 2145 1858 2193 linea,
1890 2158 1925 2186 et
1954 2161 1973 2186 a

507 2225 642 2276 puncto
665 2219 829 2262 occursus
855 2221 900 2260 ad
920 2218 1017 2260 aliud
1036 2224 1212 2274 punctum
1232 2219 1334 2259 ducta
1354 2219 1402 2259 cst
1420 2221 1512 2259 reeta
1532 2216 1625 2258 linea
1644 2215 1818 2272 angulum
1836 2214 1973 2256 faciens

1888 2300 1974 2326 cum
