2111 2755
246 234 313 282 74
639 208 1032 262 EUCLIDIS
1075 203 1749 258 ELEMENTORUM

905 346 1075 384 PROP.
1112 345 1182 383 III.
1254 343 1487 383 THEOR.

478 436 573 539 SI
604 437 651 482 in
682 433 851 481 circulo
883 433 999 478 reeta
1028 430 1145 478 linea
1175 448 1253 494 per
1279 444 1489 478 centrum
1512 431 1658 489 du&a,
1691 436 1855 481 tetstam
1879 434 1928 482 li-

574 521 708 550 neam
727 503 957 567 quandam
981 518 1074 547 non
1099 502 1280 547 duc'tam
1304 517 1383 562 per
1407 515 1615 548 centrum
1639 501 1846 551 bifariam
1869 504 1930 551 se-

474 589 578 632 cet;
611 587 659 620 et
683 573 741 620 ad
765 570 953 636 angulos
979 572 1118 616 re6tos
1143 569 1283 632 ipsam
1306 569 1487 617 secabit.
1524 572 1650 634 quod
1667 569 1702 619 fi
1720 573 1779 620 ad
1794 589 1932 639 angu-

472 644 541 692 los
564 645 706 691 reetos
729 641 871 706 ipsam
892 641 1026 697 secet,
1051 655 1098 686 et
1123 638 1333 686 bifariam
1355 638 1534 686 secabit.

543 788 596 827 Sit
614 784 765 826 circulus
786 786 901 833 ABC,
929 796 965 824 et
981 786 1019 823 in
1037 781 1112 837 ipso
1136 787 1227 822 reeta
1251 781 1346 822 linea
1368 797 1436 837 per
1456 793 1619 824 centrum
1643 784 1747 826 dud‘ta
1765 788 1838 827 CD
1860 801 1935 828 rec-

474 869 549 897 tam
573 854 707 896 lineam
730 854 914 909 quandam
940 855 1007 893 AB
1032 867 1109 892 non
1138 852 1279 891 ἀυὲἶειη]
1311 866 1374 904 per
1403 862 1568 892 centrum
1595 852 1761 895 bifariam
1783 854 1874 896 secet
1896 857 1934 897 in

476 929 613 980 punffm
637 927 680 965 F.
740 925 823 964 dico
847 935 882 962 et
905 923 950 963 ad
975 920 1124 976 angulos
1149 924 1263 960 restos
1286 917 1395 973 ipsam
1419 919 1545 961 secare.

347 1013 374 1034 a.
391 1012 418 1034 1.
435 1012 463 1044 3,
548 997 715 1034 Sumatur
728 993 826 1032 enim
840 990 961 1030 circuli
974 992 1074 1030 ABC
1090 1001 1254 1029 centrum
1263 995 1288 1038 ²¹,
1303 1000 1338 1028 et
1356 988 1397 1029 fit
1412 991 1459 1038 E,
1475 1002 1509 1029 et
1524 992 1615 1039 EA,
1636 993 1703 1032 ΕΒ
1721 994 1936 1048 jungantur.

479 1063 667 1116 Qoniam
683 1062 786 1116 igitur
803 1063 875 1100 AF
889 1061 937 1099 est
951 1058 1108 1113 aequalis
1122 1061 1196 1107 FB,
1213 1059 1417 1098 communis
1437 1071 1555 1100 autem
1567 1062 1650 1110 FE,
1664 1061 1754 1103 duae
1768 1065 1850 1112 AF,
1867 1065 1899 1103 F
1902 1065 1939 1103 E

480 1131 620 1172 duabus
633 1133 709 1179 BF,
722 1133 754 1170 F
756 1133 790 1170 E
799 1128 961 1183 aequales
973 1128 1064 1177 sunt,
1077 1140 1112 1167 et
1127 1127 1306 1168 bafisEA
1322 1126 1398 1167 bafi
1414 1129 1479 1167 ΕΒ

481 1203 529 1241 est
543 1199 696 1254 aequalis
705 1218 715 1248 3
739 1214 829 1254 ergo
843 1210 877 1238 ct
890 1196 1041 1252 angulus
1051 1199 1156 1237 AFE
1170 1195 1303 1251 angulo
1310 1198 1409 1237 BFE
1424 1211 1481 1237 ae·
1711 1195 1752 1238 O

345 1279 373 1307 b.
389 1278 419 1307 8.
437 1286 465 1308 1.
481 1270 592 1324 qualis
611 1270 676 1309 erit
684 1265 712 1308 b.
758 1283 840 1308 cum
860 1280 981 1307 autem
999 1271 1091 1306 reeta
1111 1266 1205 1306 linea
1224 1264 1325 1319 super
1346 1269 1480 1305 metam

479 1339 650 1383 insistens,
675 1336 826 1389 angulos
850 1337 911 1389 qui
935 1337 1100 1387 deinceps
1124 1334 1214 1383 sunt,
1240 1334 1407 1387 aequales
1425 1336 1480 1374 in-
1527 1374 1532 1378 ,

483 1419 535 1446 ter
559 1405 592 1445 se
616 1404 750 1452 fecerit,
782 1408 896 1443 refrus
929 1405 977 1443 est
1007 1415 1156 1456 uterque
1187 1402 1389 1456 aequalium
1416 1418 1478 1443 an-

255 1475 684 1531 c.Def.101.gu10r1m-1,
721 1485 872 1526 uterque
895 1474 999 1526 igitur
1017 1474 1137 1520 AFE,
1157 1474 1257 1512 BFE
1276 1473 1323 1511 est
1348 1477 1478 1519 redium
1587 1427 1859 1539 A*

483 1559 591 1598 quare
616 1547 709 1582 reeta
733 1541 825 1581 linea
850 1544 922 1581 CD
942 1556 1005 1595 per
1030 1552 1194 1580 centrum
1219 1541 1326 1581 ἀηδία
1351 1545 1480 1581 Γεξὶαῐη
1523 1538 1912 1602 Awss

480 1613 612 1653 lineam
640 1614 708 1651 AB
740 1625 817 1650 non
848 1611 992 1650 du&am
1021 1624 1085 1664 per
1117 1623 1282 1650 centrum
1313 1608 1480 1650 bifariam

480 1682 611 1729 secans,
637 1694 671 1720 et
695 1681 741 1720 ad
765 1678 915 1734 angulos
939 1683 1051 1720 festos
1074 1679 1183 1733 ipsam
1208 1678 1348 1718 secabit.

551 1751 620 1790 Sed
644 1749 734 1789 secet
757 1751 829 1789 CD
852 1747 962 1802 ipsam
985 1750 1055 1788 AB
1079 1749 1123 1788 ad
1147 1752 1260 1788 rec‘tos
1284 1746 1445 1802 angulos,
1479 1747 1561 1787 dico
1584 1759 1619 1787 et
1642 1745 1807 1787 bifariam
1831 1745 1944 1800 ipsam

483 1820 607 1867 secare,
633 1819 704 1858 hoc
728 1819 777 1858 est
800 1820 872 1858 AF
895 1818 959 1872 ipsi
984 1819 1047 1857 FB
1071 1816 1256 1871 aequalem
1279 1815 1360 1856 effe.

551 1889 679 1929 lisdem
707 1888 804 1927 enim
828 1887 1045 1934 constructis,
1084 1887 1259 1939 quoniam
1283 1888 1357 1925 EA
1382 1900 1474 1938 quae
1497 1900 1541 1924 ex
1564 1896 1691 1926 centro
1714 1885 1763 1923 est
1787 1882 1943 1937 aequalis

336 1959 366 1989 ὃ·
381 1967 410 1999 5·
439 1967 465 1989 1·
483 1961 561 2006 ΕΒ,
586 1970 620 1997 et
645 1955 792 2010 angulus
817 1958 928 1995 EAF
953 1954 1089 2009 angulo
1114 1957 1212 1994 EBF
1239 1953 1396 2008 aequalis
1423 1950 1531 2001 eritd;
1568 1955 1616 1993 est
1635 1966 1756 1993 autem
1776 1965 1812 1992 et
1833 1955 1942 1992 AFE

482 2031 592 2066 reftus
612 2024 763 2079 aequalis
787 2028 884 2064 recto
902 2027 964 2063 BF
967 2027 1012 2063 E.
1063 2026 1136 2063 duo
1160 2024 1266 2078 igitur
1290 2021 1465 2077 triangula
1489 2022 1568 2062 sunt
1586 2025 1704 2071 EAF,
1728 2023 1827 2061 EBF
1851 2036 1943 2073 quae

484 2096 571 2134 duos
598 2093 748 2147 angulos
774 2093 915 2132 duobus
946 2091 1081 2147 angulis
1107 2091 1268 2146 aequales
1297 2091 1444 2139 habent,
1482 2107 1671 2145 unumque
1694 2091 1782 2130 latus
1806 2090 1869 2128 uni
1892 2089 1943 2130 la-

482 2164 549 2203 teri
571 2161 728 2216 aequale,
754 2165 822 2200 EF
846 2176 1039 2201 commune
1062 2160 1192 2201 scilicet
1209 2159 1371 2214 utrisque,
1397 2161 1494 2214 quod
1518 2161 1581 2200 uni
1605 2157 1807 2214 aequalium
1832 2173 1944 2212 angu-

483 2231 601 2272 lorum
624 2230 843 2272 subtenditur
851 2247 863 2278 3
898 2245 983 2285 ergo
1007 2243 1042 2271 et
1065 2229 1200 2285 reliqua
1224 2229 1333 2271 latera
1349 2228 1489 2284 reliquis
1512 2228 1677 2270 lateribus
1700 2226 1858 2281 aequalia
1876 2228 1940 2267 ha-

1766 2295 1903 2336 bebunt
1911 2302 1936 2335 θ.
