2111 2755
229 197 324 268 382
908 203 1448 255 NOTAE.

447 295 583 349 fiatque
601 295 670 334 BE
693 292 850 347 aequalis
870 299 988 345 ‚retiae
1010 297 1056 345 C,
1081 308 1128 346 et,
1150 298 1277 352 junftsst
1300 301 1392 349 DE,
1415 313 1539 342 centro
1557 306 1609 353 D,
1630 306 1816 349 intervallo
1833 310 1912 349 DE

448 363 598 405 circulus
621 361 846 412 describatur,
882 365 943 417 qui
967 378 1130 406 occurrat
1154 366 1220 420 ipfi
1247 369 1319 408 AB
1343 371 1537 423 productae
1559 372 1597 412 in
1621 375 1680 421 G3
1713 375 1816 430 {uper
1840 379 1911 419 BG

447 430 664 472 describatur
695 432 911 485 quadratum
941 435 1107 482 BGHK‚
1145 448 1181 476 et
1210 436 1436 491 compleatur
1467 440 1714 497 restangulum
1741 447 1911 487 AGHL.

449 501 637 553 Qoniam
661 501 765 555 igitur
789 499 955 542 bifariam
980 501 1068 543 secta
1086 505 1134 544 est
1158 507 1227 545 AB
1249 506 1286 545 in
1301 508 1354 555 D,

321 569 391 601 ²·6·
408 578 435 601 ²·
451 582 487 610 et
510 568 574 622 ipfi
596 569 759 624 adjicitur
781 573 865 619 BG,
894 572 961 611 crit
976 573 1247 628 ³rectangulum
1260 577 1352 624 AG,
1407 530 1882 753 ,Ι

450 640 522 679 GB
537 653 611 679 una
625 654 714 679 cum
733 639 908 693 quadrato
925 655 969 681 ex
988 643 1059 681 DB
1082 641 1229 695 aequale
1249 641 1357 697 (qua-

449 707 557 749 drato
580 723 625 748 ex
648 710 730 750 DG
761 707 820 749 seu
847 711 940 757 DE,
970 709 1042 750 hoc
1070 710 1141 766 est)
1178 712 1356 765 quadratis

444 791 495 818 aex
517 779 596 825 ΕΒ,
621 779 705 818 BD.
766 775 948 819 auferatur
980 793 1175 820 commune
1199 781 1356 835 quadra·
1392 758 1427 798 F
1481 753 1531 796 A
1607 760 1644 793 D
1747 757 1781 788 B
1830 757 1878 796 G

444 857 527 886 vtum
551 860 596 886 ex
620 848 704 895 DB,
737 859 774 888 et
796 847 971 901 reliquum
995 847 1241 902 reftangulum
1261 851 1355 897 AG,
1615 848 1650 886 C

450 916 521 954 (ΞΒ
545 914 694 969 aequale
717 916 782 955 erit
805 916 977 970 quadrato
999 931 1044 956 ex
1068 919 1147 964 BE,
1178 917 1250 957 hoc
1282 918 1332 957 est
1355 918 1531 973 quadrato
1554 933 1600 962 ex
1622 924 1714 962 reeta
1738 923 1783 963 C.
1843 938 1918 966 rec-

450 982 636 1038 tangulum
655 996 778 1024 ,autem
798 986 892 1031 AG,
916 986 989 1024 GB
1008 985 1057 1024 cst
1075 984 1186 1039 ipsum
1208 988 1290 1026 AH
1308 988 1568 1043 refrangulum,
1587 991 1671 1044 quia
1689 992 1772 1032 GH
1789 1008 1917 1047 aequa·

451 1049 493 1090 lis
517 1053 565 1090 est
588 1051 652 1104 ipsi
677 1054 760 1092 GB.
799 1052 1046 1107 rec’tangulum
1065 1054 1174 1108 ‘igitur
1201 1057 1294 1103 AH,
1319 1056 1467 1110 aequale
1490 1059 1539 1098 est
1563 1060 1735 1112 quadrato
1754 1076 1799 1100 ex
1823 1067 1916 1103 recia

450 1121 496 1159 C.
534 1119 662 1172 Qare
681 1121 727 1160 ad
747 1120 866 1161 datam
886 1126 1016 1162 reciam
1040 1124 1110 1162 AB
1135 1123 1220 1163 dato
1239 1125 1417 1177 quadrato
1441 1142 1486 1167 ex
1503 1128 1547 1174 C,
1569 1127 1717 1181 aequale
1735 1133 1919 1185 reciangu-

452 1187 527 1228 lum
540 1191 620 1229 AH
633 1188 846 1243 applicatum
859 1191 908 1230 est
921 1191 1094 1231 excedens
1108 1193 1283 1245 quadrato
1296 1196 1388 1234 GK.
1427 1195 1548 1248 Qod
1568 1194 1687 1236 facere
1704 1198 1904 1251 oportebat.

524 1270 566 1307 3.
603 1258 666 1298 Ad
690 1257 810 1298 datam
835 1263 968 1298 rectam
995 1258 1129 1299 lineam
1154 1261 1240 1301 dato
1263 1262 1474 1318 reftangulo
1498 1263 1648 1318 aequale
1673 1266 1916 1321 restangulum

450 1324 640 1378 applicare,
664 1326 833 1366 deficiens
857 1328 1044 1381 quadrato.
1104 1342 1250 1382 oportet
1273 1345 1393 1372 autem
1417 1333 1540 1373 datum
1565 1333 1814 1389 rectangulum
1838 1351 1915 1381 non

450 1394 566 1447 majus
589 1391 659 1433 effe
682 1394 860 1447 quadrato
884 1396 984 1448 quod
1008 1411 1028 1435 a
1051 1397 1198 1437 dimidia
1220 1398 1433 1441 describitur.

520 1463 573 1501 Sit
597 1461 679 1500 data
703 1466 796 1501 resta
819 1466 898 1511 AB,
925 1464 1051 1504 datum
1076 1478 1196 1506 autem
1222 1467 1462 1522 rectangulum
1486 1469 1646 1523 id-quod
1670 1471 1770 1510 rectis
1793 1473 1838 1521 C,
1874 1475 1916 1513 D

442 1530 652 1573 continetur
671 1544 748 1570 non
771 1532 885 1584 majus
907 1532 1054 1571 existens
1078 1534 1253 1585 quadrato
1277 1550 1321 1575 ex
1345 1536 1495 1576 dimidio
1518 1541 1632 1577 reftae
1649 1540 1730 1578 AB.
1772 1553 1915 1594 oportet

450 1598 497 1639 ad
521 1598 641 1639 datam
664 1602 796 1639 restam
823 1601 894 1640 AB
919 1600 1004 1640 dato
1027 1601 1234 1657 rectangulo
1257 1605 1301 1653 C,
1334 1606 1375 1644 D
1404 1604 1551 1660 aequale
1580 1607 1824 1662 rectangulum
1853 1625 1915 1665 ap-

449 1665 581 1721 plicare
604 1667 773 1708 deficiens
797 1668 985 1722 quadrato.

521 1738 714 1777 Ducantur
743 1739 828 1786 AE,
860 1740 923 1778 BF
951 1738 997 1779 ad
1025 1742 1140 1780 festos
1170 1740 1321 1795 angulos
1345 1740 1408 1794 ipfi
1431 1744 1511 1791 AB,
1549 1755 1583 1783 et
1606 1744 1651 1784 ad
1676 1743 1814 1786 easdem
1837 1747 1912 1801 ejus

448 1815 577 1858 parteS,
601 1820 753 1859 quarum
771 1809 845 1848 ΑΕ
865 1807 1011 1861 quidem
1028 1808 1184 1862 aequalis
1208 1810 1250 1850 fit
1267 1811 1331 1864 ipfi
1357 1812 1401 1859 C,
1424 1813 1488 1852 BF
1513 1827 1596 1853 vero
1618 1817 1732 1854 rectae
1757 1818 1809 1856 D.
1860 1804 1913 1856 bi-

449 1871 577 1913 fariam
601 1874 733 1915 secetur
754 1876 878 1930 junfta
903 1879 972 1917 EF
995 1878 1033 1919 in
1057 1879 1109 1926 G,
1145 1891 1340 1934 centroque
1364 1882 1403 1920 G
1428 1881 1612 1922 intervallo
1636 1885 1713 1923 GE
1738 1883 1912 1925 describa-

449 1952 506 1982 tur
524 1942 686 1993 circulus,
710 1956 944 1999 occurratque
965 1950 1082 1987 restae
1105 1949 1178 1988 AE
1203 1948 1318 1988 rursus
1341 1950 1379 1988 in
1403 1951 1456 1997 H,
1488 1962 1523 1990 et
1542 1952 1711 2006 jungatur
1734 1955 1819 2002 HF,
1854 1954 1911 1994 cui

450 2010 622 2064 parallela
645 2012 795 2053 ducatur
814 2016 904 2062 GK,
928 2026 964 2054 et
986 2015 1032 2055 ad
1055 2018 1123 2057 AB
1147 2017 1294 2057 ducatur
1319 2020 1393 2058 GL
1416 2017 1580 2071 parallela
1603 2024 1718 2060 restae
1743 2024 1833 2062 AE.

521 2080 707 2132 Qoniam
731 2083 836 2137 igitur
867 2083 1017 2138 angulus
1046 2087 1172 2126 EHF
1207 2087 1246 2126 in
1275 2085 1495 2128 semicirculo
1525 2089 1676 2143 aequaiis
1707 2092 1756 2130 est
1780 2090 1911 2145 angulo

451 2151 550 2188 resto
562 2151 677 2198 ΕΑΒ,
696 2150 882 2204 parallelae
906 2166 1010 2194 erunt
1032 2156 1112 2203 AB,
1131 2157 1215 2203 HF,
1235 2167 1270 2195 et
1288 2155 1479 2209 parallelae
1499 2156 1580 2198 sunt
1593 2161 1682 2206 AH,
1695 2162 1776 2206 BF;
1800 2174 1911 2213 quare

451 2219 537 2259 ΑΗ
557 2218 711 2274 aequalis
734 2221 782 2261 est
794 2223 868 2270 BF,
889 2234 924 2265 et
943 2222 1185 2279 restangulum
1204 2227 1289 2273 EA,
1308 2228 1389 2267 AH
1405 2226 1551 2281 aequale
1568 2228 1631 2268 erit
1649 2228 1714 2282 ipfi
1728 2230 1813 2277 EA,
1832 2230 1908 2277 BF,

1835 2296 1908 2337 hoc
