2111 2755
378 213 661 263 LIBER
719 208 1386 260 DUODECIMUS.
1719 232 1808 284 293

567 346 733 384 PROP.
771 345 839 382 III.
915 342 1154 383 THEOR.

137 430 383 534 OMNJS
420 430 610 494 pyramis
650 429 967 493 triangularem
1005 429 1170 476 habens
1205 425 1345 475 basim
1371 428 1585 477 dividitur

278 501 324 546 in
349 502 457 546 duas
494 499 741 562 pyramides
767 498 972 560 aequales
998 514 1044 544 et
1068 497 1228 544 slmiles
1248 497 1365 544 inter
1387 499 1442 553 se,
1469 516 1584 561 quae

135 569 428 632 triangulares
454 569 574 614 bases
607 567 787 620 habent,
816 565 1063 628 similesque
1089 567 1195 622 toti3
1232 581 1278 612 et
1295 567 1343 613 in
1367 568 1459 613 duo
1483 568 1585 629 pris-

133 654 257 685 mata
283 637 497 699 aequalia,
530 653 645 698 quae
673 635 857 699 quidem
883 634 1095 696 prismata
1127 635 1317 681 dimidio
1345 636 1485 682 totius
1509 653 1585 699 py-

133 707 315 755 ramidis
340 706 442 753 sunt
467 705 651 769 majora,

201 850 252 889 Sit
276 847 428 900 pyramis
447 846 543 898 cujus
567 844 656 884 basis
680 844 823 898 quidem
839 846 937 884 ABC
953 843 1179 899 triangulum,
1198 858 1316 885 vertex
1334 859 1452 887 autem
1470 863 1584 902 pune-

130 932 205 958 tum
233 920 282 956 D.
343 917 439 954 Dico
464 914 683 966 pyramidem
708 915 850 952 ABCD
875 914 979 952 dividi
1015 914 1051 952 in
1083 915 1170 953 duas
1194 916 1394 968 pyramides
1419 917 1584 969 aequales

130 999 166 1026 et
189 984 315 1025 similes
340 985 430 1022 inter
466 982 509 1029 sc,
547 981 772 1036 triangulares
804 980 900 1020 bases
925 981 1108 1025 habentes,
1146 995 1181 1022 et
1216 982 1345 1023 similes
1370 986 1433 1023 toti
1443 1003 1451 1031 3
1488 998 1521 1025 et
1545 987 1582 1026 in

130 1055 204 1094 duo
227 1052 389 1106 prismata
415 1050 570 1103 aequalia
579 1069 589 1099 ;
625 1063 659 1090 et
691 1051 763 1090 duo
793 1049 955 1103 prismata
987 1050 1136 1090 dimidio
1167 1052 1273 1091 totius
1296 1054 1488 1105 pyramidis
1512 1053 1581 1094 effe

130 1124 275 1176 majora.

199 1193 370 1229 Seccntur
392 1189 488 1228 enim
507 1189 588 1234 AB,
607 1190 682 1234 BC,
703 1190 784 1236 CA,
813 1190 906 1234 AD,
932 1190 1023 1234 DB,
1042 1190 1111 1228 DC
1137 1188 1300 1229 bifariam
1324 1191 1360 1230 in
1380 1191 1516 1244 punieris
1534 1193 1580 1240 E,

129 1262 172 1307 F,
198 1261 248 1304 G,
275 1260 327 1305 H,
353 1260 401 1304 K,
441 1259 485 1303 L,
515 1268 549 1295 et
574 1259 660 1303 EH,
694 1259 780 1303 EG,
816 1258 906 1302 GH,
944 1259 1035 1302 HK,
1070 1260 1153 1305 KL,
1178 1261 1264 1308 LH,
1290 1262 1376 1307 ΕΚ,
1401 1262 1482 1308 KF,
1506 1261 1579 1299 FG

72 1338 75 1340 “
123 1329 334 1382 jungantur.
385 1325 571 1377 Qioniam
597 1325 700 1376 igitur
722 1327 796 1363 ΑΕ
821 1325 967 1377 quidem
991 1326 1039 1363 est
1064 1340 1122 1363 ae·
1323 1348 1370 1390 D

127 1395 239 1449 qualis
264 1397 340 1441 ΕΒ,
368 1395 447 1432 ΑΗ
472 1405 556 1431 vero
579 1391 642 1444 ipsi
665 1394 760 1439 HD,
786 1393 849 1430 erit
872 1395 947 1430 HE
972 1392 1034 1444 ipsi
1050 1395 1121 1431 Dss

128 1462 297 1517 parallela
308 1468 331 1500 ³.
370 1461 492 1500 eadem
507 1461 643 1499 ratione
658 1472 692 1499 et
710 1463 791 1499 HK
808 1461 856 1498 est
869 1459 1036 1512 parallela
1056 1460 1119 1513 ipsi

129 1535 208 1572 AB.
245 1529 615 1583 parallelogrammum
629 1529 732 1581 igitur
751 1529 798 1566 est
812 1530 979 1574 HEBK;
1011 1543 1118 1580 quare

128 1603 207 1639 HK
232 1600 280 1637 est
302 1596 457 1650 aequalis
480 1599 543 1635 ΕΒ
554 1592 580 1634 b.
642 1595 699 1634 sed
724 1598 789 1634 ΕΒ
809 1595 871 1648 ipsi
890 1598 963 1635 AE
989 1597 1037 1634 est
1061 1611 1117 1634 ae-

128 1666 239 1722 qualis
248 1684 257 1714 ;
293 1680 378 1719 ergo
412 1676 446 1703 et
473 1667 547 1703 AE
572 1664 634 1716 ipfi
658 1667 737 1703 HK
769 1663 922 1717 aequalis
945 1665 1020 1703 erit.
1070 1666 1118 1703 est

128 1748 248 1777 autem
263 1746 296 1773 et
314 1737 393 1773 AH
412 1732 563 1785 aequalis
577 1735 677 1779 HD;
703 1732 792 1771 duae
811 1733 912 1785 igitur
932 1735 1022 1779 EA,
1040 1735 1117 1772 AH

128 1803 266 1844 duabus
285 1805 375 1847 KH,
400 1804 480 1840 HD
505 1800 668 1852 aequales
688 1800 776 1847 sunt,
801 1800 906 1839 altera
927 1800 1045 1848 alteri;
1082 1813 1117 1840 et

128 1871 277 1926 angulus
289 1873 402 1909 EAH
423 1868 576 1923 aequalis
596 1870 729 1923 angulo
743 1871 903 1915 KHD0;
940 1868 1028 1908 basis
1052 1870 1118 1923 igi-

128 1954 185 1981 tur
203 1943 278 1979 ΕΗ
294 1939 365 1978 basi
380 1941 458 1977 KD
472 1939 519 1977 est
534 1938 696 1990 aequalis,
717 1950 752 1977 ct
767 1936 980 1992 triangulum
998 1940 1117 1977 AEH

127 2007 272 2062 aequale
297 2003 314 2030 d
338 2019 371 2045 ct
397 2005 506 2044 simile
531 2006 707 2059 triangulo
730 2009 862 2045 HKD.
911 2007 1036 2045 eadem
1061 2021 1116 2045 ra·
1588 2020 1660 2055 d·4·
1678 2027 1705 2047 ι,

127 2079 225 2117 tione
257 2088 290 2114 ct
322 2073 531 2127 triangulum
558 2077 677 2113 AGH
711 2074 887 2128 triangulo
911 2076 1028 2113 HLD
1061 2073 1207 2127 aequale
1232 2075 1280 2113 est
1304 2086 1338 2114 et
1361 2074 1485 2116 simile.
1546 2089 1580 2115 ct

127 2146 294 2199 quoniam
323 2144 412 2182 duae
436 2145 550 2181 reelac
574 2141 686 2181 lineae
710 2145 796 2188 ΕΗ,
831 2144 911 2181 HG
936 2141 1002 2181 sese
1038 2155 1220 2197 tangentes
1256 2142 1393 2183 duabus
1418 2146 1516 2184 reffls
1540 2144 1580 2183 li-

128 2216 200 2257 neis
225 2211 291 2253 sese
322 2211 545 2266 tangentibus
570 2213 661 2260 RD,
695 2213 768 2251 DL
792 2210 980 2265 parallelae
1003 2210 1093 2258 sunt,
1132 2226 1208 2252 non
1245 2225 1364 2252 autem
1387 2214 1425 2252 in
1449 2212 1584 2251 eodem.

1457 2278 1575 2334 Plano)
