2111 2755
231 237 325 289 392

889 214 1428 266 NOTAE.

451 324 488 353 at
513 309 629 362 major
659 302 799 346 exceffu
829 305 1044 352 earundem;
1079 304 1246 354 sumatur,
1272 306 1336 346 erit
1360 306 1466 360 igitur
1492 307 1527 346 E
1552 307 1668 362 major
1693 307 1830 350 excessu
1856 310 1910 364 ip-

450 380 566 421 sarum
585 377 634 423 A,
653 377 703 424 13;
739 389 847 429 quare
865 377 895 414 B
919 386 954 414 et
977 375 1013 413 E
1037 373 1143 415 simul
1166 376 1320 429 majores
1338 374 1418 415 sunt
1441 390 1554 429 quam
1572 378 1610 416 A
1618 394 1629 424 ;
1664 379 1712 417 est
1735 390 1855 418 autem
1874 381 1912 419 A

451 462 530 491 non
553 445 674 485 minor
697 447 738 492 B,
763 458 849 498 ergo
877 446 916 484 A
941 455 976 482 et
999 445 1034 482 E
1058 441 1163 482 fimul
1186 445 1339 498 majores
1362 443 1443 483 sunt
1465 447 1507 484 B.
1568 457 1613 493 et,
1643 460 1687 485 ex
1709 446 1913 500 hypothesi,

451 520 490 558 A
514 529 586 556 una
611 528 693 553 cum
716 515 759 561 Β,
784 527 861 552 non
886 513 1007 552 minor
1030 513 1079 551 est
1102 527 1214 566 quam
1239 515 1272 552 C
1296 528 1369 552 una
1393 528 1476 553 curn
1497 516 1552 564 D,
1576 516 1608 554 C
1633 526 1753 554 autem
1773 530 1857 555 cum
1875 519 1915 556 D

452 586 568 638 major
592 584 640 622 est
660 596 769 635 quam
792 584 840 629 E,
863 582 972 636 igitur
995 592 1030 620 et
1053 583 1091 622 A
1114 596 1187 621 una
1210 597 1291 621 cum
1317 584 1346 620 Β
1371 584 1488 636 major
1507 583 1555 621 est
1578 598 1686 636 quam
1711 586 1757 623 E.

523 653 576 693 Sit
600 663 720 691 autem
743 649 899 690 excessus
923 648 1077 703 ipsarum
1106 653 1157 698 A,
1182 653 1213 689 B
1235 651 1352 704 major
1380 650 1517 690 excessu
1540 650 1690 704 ipsarum
1716 654 1759 699 C,
1789 655 1829 692 D
1838 670 1848 700 ;
1883 666 1918 694 et

456 723 643 777 quonlam,
680 735 724 760 ex
748 718 952 773 hypothesi,
978 731 1046 758 tres
1075 721 1117 766 Β,
1148 721 1192 765 C,
1228 721 1268 758 D
1299 718 1406 759 fimul
1431 721 1583 774 majores
1607 719 1687 760 sunt
1710 723 1836 774 quart&
1865 725 1916 771 A,

456 802 561 831 erunt
585 792 617 829 C
641 801 676 829 et
702 791 741 828 D
767 787 872 829 simul
895 788 1049 841 majores
1073 786 1210 827 excessu
1234 786 1384 840 ipsarum
1403 791 1453 835 A,
1480 791 1530 836 B;
1567 789 1673 842 igitur
1695 788 1781 828 sumi
1805 792 1918 843 potest

457 859 634 914 quaedam
661 861 696 898 E
721 871 814 911 quae
837 857 957 896 minor
982 857 1030 895 est
1061 856 1141 909 ipfis
1165 858 1197 895 C
1221 868 1256 896 ct
1280 858 1319 894 D
1345 856 1460 905 simul,
1497 869 1533 896 at
1563 859 1678 910 major
1701 857 1837 898 excessu
1867 861 1920 914 ip-

458 928 574 969 sarum
603 930 655 975 A,
687 929 731 966 B.
791 924 958 972 sumatur,
994 936 1029 963 ct
1053 925 1226 978 quoniam
1251 927 1287 964 E
1311 926 1429 979 major
1453 926 1501 965 est
1525 924 1662 965 excessu
1687 926 1839 979 ipsarum
1867 931 1920 977 A,

456 1000 501 1046 B,
521 1008 624 1037 erunt
643 998 673 1035 Β
693 1007 727 1034 et
746 996 781 1033 E
805 992 909 1033 fimul
927 994 1082 1047 majores
1106 1008 1215 1047 quam
1234 996 1284 1033 A.
1323 1005 1369 1042 et,
1389 1006 1428 1033 ut
1445 995 1482 1033 in
1502 995 1736 1050 praecedente
1759 995 1848 1045 casu,
1867 996 1921 1036 os-

458 1066 624 1106 tendetur
649 1066 687 1104 A
706 1077 777 1102 una
801 1078 885 1102 cum
905 1065 940 1102 E
959 1063 1076 1117 major
1094 1065 1136 1110 Β,
1161 1075 1196 1102 et
1217 1065 1256 1103 A
1275 1077 1347 1102 una
1365 1078 1448 1102 cum
1467 1065 1497 1102 B
1516 1065 1631 1118 major
1648 1079 1759 1118 quam
1777 1067 1822 1104 E.
1859 1067 1922 1120 igi-

459 1147 515 1175 tur
538 1135 576 1174 in
600 1145 754 1187 utroque
777 1130 855 1172 casu
879 1130 1057 1172 ostensum
1081 1132 1129 1171 est
1154 1132 1239 1172 duas
1263 1146 1307 1172 ex
1329 1131 1410 1186 Ipsis
1436 1134 1488 1181 A,
1519 1134 1560 1182 B,
1584 1135 1619 1173 E
1645 1133 1922 1188 quomodocun-

459 1219 528 1258 que
552 1202 721 1256 sumptas,
745 1201 898 1255 majores
922 1199 992 1240 effe
1014 1200 1165 1254 reliqua.

529 1275 581 1312 Et
604 1271 779 1324 quoniam
803 1271 841 1309 in
872 1282 1028 1324 utroque
1057 1269 1136 1310 casu
1162 1272 1197 1310 E
1221 1270 1337 1324 major
1367 1271 1416 1310 est
1447 1269 1585 1311 excessu
1613 1269 1767 1325 ipsarum
1797 1274 1841 1321 C,
1872 1276 1924 1323 D,

459 1343 524 1382 erit
541 1343 578 1380 E
596 1355 672 1379 una
690 1354 778 1379 cum
798 1342 838 1378 D
862 1340 979 1393 major
1002 1354 1113 1392 quam
1137 1341 1187 1386 C;
1223 1351 1270 1386 et,
1297 1355 1341 1379 ex
1359 1340 1562 1393 hypothesi,
1586 1343 1618 1381 C
1637 1355 1715 1380 non
1737 1342 1859 1382 minor
1876 1343 1925 1383 est

460 1413 514 1458 D,
538 1422 625 1462 ergo
650 1410 685 1447 E
710 1421 783 1446 una
801 1422 883 1445 cum
906 1409 938 1446 C
957 1409 1074 1461 major
1092 1408 1157 1446 erit
1175 1423 1284 1460 quam
1303 1411 1342 1447 D
1352 1426 1362 1455 ;
1398 1409 1447 1447 est
1466 1420 1583 1448 autem
1602 1424 1646 1449 ex
1663 1410 1924 1456 construetione

462 1481 494 1518 C
518 1491 591 1516 una
609 1491 694 1515 curn
721 1478 774 1522 D,
798 1476 918 1528 major
942 1490 1050 1527 quam
1067 1478 1115 1514 E.
1158 1476 1264 1528 igitur
1288 1475 1440 1528 ipsarum
1462 1479 1505 1524 C,
1526 1479 1577 1527 D,
1603 1481 1639 1519 E
1659 1478 1751 1518 duae
1769 1493 1925 1532 quomo-

463 1547 655 1599 docunque
678 1542 837 1597 sumptae
861 1544 1013 1597 majores
1038 1542 1117 1583 sunt
1141 1542 1289 1597 reliqufi.
1345 1545 1403 1598 Q
1423 1547 1470 1586 E.
1496 1548 1539 1585 F.

825 1657 996 1696 PROP.
1035 1658 1103 1696 ΙΙΙ.
1178 1656 1558 1698 THEOREMA.

533 1750 631 1791 Fieri
655 1749 769 1804 potest
788 1761 826 1788 ut
850 1763 894 1788 ex
917 1747 1039 1788 iisdem
1064 1760 1219 1801 quatuor
1243 1748 1381 1804 angulis
1404 1749 1516 1804 planis
1539 1751 1799 1794 constituantur
1821 1754 1927 1794 innu-

463 1821 553 1860 meri
577 1818 697 1873 anguli
720 1817 820 1857 solidi
844 1819 934 1857 inter
958 1817 991 1857 se
1015 1817 1229 1870 inaequales.

534 1891 730 1929 Sumantur
755 1899 822 1926 tres
842 1879 965 1941 anguli*
979 1886 1078 1940 plani
1097 1889 1146 1934 A,
1165 1889 1207 1935 B,
1228 1889 1259 1927 C
1279 1902 1432 1941 quorum
1457 1891 1495 1929 A
1517 1903 1594 1928 non
1618 1890 1739 1930 minor
1763 1890 1805 1931 fit
1828 1903 1927 1932 utro·

465 1959 514 1998 vis
538 1973 581 1997 ex
604 1957 684 2010 ipsis
708 1959 750 2003 B,
774 1958 806 1995 C
815 1973 825 2003 ;
861 1956 930 1995 sint
954 1968 1072 1995 autem
1091 1958 1129 1995 A
1147 1968 1182 1995 et
1206 1958 1235 1995 Β
1254 1956 1359 1996 fimul
1381 1958 1536 1997 minores
1555 1958 1697 1998 duobus
1723 1961 1842 2008 reffis5
1877 1974 1925 2009 et,

466 2042 536 2080 ope
553 2025 791 2065 Problematis
819 2038 831 2064 1
847 2055 855 2063 .
882 2037 916 2065 et
940 2023 1129 2065 Corollarii
1148 2023 1317 2079 ejusdcm,
1332 2026 1527 2066 inveniatur
1546 2040 1692 2080 quartus
1709 2028 1861 2083 angulus
1873 2032 1925 2079 D,

468 2097 515 2136 ita
539 2107 578 2133 ut
609 2106 676 2133 tres
707 2109 751 2133 cx
779 2093 859 2147 ipsis
882 2097 931 2141 A,
955 2096 996 2142 B,
1019 2096 1062 2141 C,
1087 2096 1126 2132 D
1150 2095 1305 2148 majores
1330 2094 1397 2134 sint
1420 2094 1567 2149 reliquo,
1594 2098 1926 2152 quomodocunque

467 2163 607 2216 sumpti,
638 2175 673 2202 et
696 2175 736 2201 ut
755 2165 792 2202 A
816 2175 851 2203 et
873 2166 902 2202 Β
927 2162 1031 2202 simul
1055 2177 1132 2202 non
1155 2163 1312 2203 minores
1336 2163 1405 2203 sint
1422 2164 1501 2217 ipsis
1526 2167 1558 2205 C
1585 2177 1620 2204 et
1640 2169 1680 2205 D
1698 2166 1812 2206 simul.
1855 2182 1927 2221 ope

467 2248 553 2275 vero
570 2230 804 2273 Problematis
828 2245 868 2273 2.
893 2233 1091 2275 inveniatur
1115 2233 1258 2287 quintus
1283 2231 1429 2288 angulus
1448 2235 1494 2284 E,
1520 2235 1567 2274 ita
1591 2247 1631 2275 ut
1655 2235 1728 2276 duo
1747 2250 1790 2276 ex
1813 2251 1927 2292 angu-

1887 2304 1928 2347 lis
