2111 2755
474 187 760 237 LIBER
817 185 1255 237 TERTIUS.

641 279 707 316 IV.

146 350 190 389 In
212 345 343 387 circulo
367 343 556 400 aequaliter
580 346 703 385 distare
728 360 748 384 a
772 356 895 386 centro
918 349 1030 386 restae
1053 344 1167 386 lineae
1250 352 1270 376 s

211 417 389 461 dicuntur,
414 414 562 467 quando
580 429 600 453 a
623 426 747 454 centro
765 414 813 454 ad
829 413 917 469 ipsas
933 416 1165 470 perpendicu-
1216 377 1249 546 ζ

212 484 300 525 lares
324 484 448 524 ductae
471 482 549 522 sunt
573 482 745 534 aequales.

653 550 700 587 V.
1231 547 1283 609 *NJ

140 622 262 676 Magis
286 632 403 660 autem
427 618 550 657 distare
573 631 593 655 a
618 628 744 656 centro
771 615 895 656 dicitur
920 630 963 656 ea
985 617 1023 656 in
1053 631 1163 671 quam
1284 613 1294 620 Χ

208 690 322 743 major
343 684 638 742 perpendicularis
660 686 766 724 cadit.

633 754 700 792 VI.

135 826 364 880 Segmentum
387 820 504 862 circuli
528 823 576 861 est
604 822 728 875 figura,
763 835 854 874 quae
884 823 978 861 reeta
1007 819 1102 863 linea
1133 833 1168 863 et
1199 769 1554 889 Q

204 891 324 933 circuli
347 889 632 932 clrcumferentia
658 890 874 930 continetur.

616 961 702 998 VII.

133 1035 158 1055 ‘¹
179 1030 363 1085 Segmenti
386 1041 507 1069 autem
530 1027 676 1083 angulus
700 1029 759 1076 est,
789 1028 851 1082 qui
882 1030 975 1068 reeta
1002 1025 1096 1069 linea
1126 1039 1163 1068 et
1185 1025 1303 1069 circuli
1326 1027 1580 1074 circumferen-

201 1104 224 1123 “
249 1100 296 1138 tia
318 1097 552 1138 continetur.”

580 1167 686 1206 VIII.

131 1239 176 1277 In
198 1236 380 1290 segmento
403 1232 555 1288 angulus
576 1236 637 1282 est,
668 1232 816 1287 quando
838 1234 876 1273 in
899 1231 1151 1276 circumferen-

195 1305 247 1344 tia
260 1302 428 1357 segmenti
446 1302 591 1342 sumitur
613 1300 758 1354 aliquod
776 1305 960 1354 punctum,
979 1315 1085 1356 atque
1103 1303 1150 1343 ab

196 1371 272 1426 ipso
295 1371 340 1411 ad
359 1383 516 1411 extrema
535 1374 648 1411 rectae
664 1368 777 1409 lineae
794 1384 885 1425 quae
903 1369 991 1410 bafis
1008 1372 1058 1410 est
1075 1370 1150 1426 seg-

199 1441 320 1487 menti,
356 1444 469 1480 recstae
492 1439 604 1494 lineae
639 1438 825 1488 ducuntur,
860 1438 1010 1494 angulus
1047 1441 1149 1481 reffis

196 1508 307 1548 duc‘tis
330 1520 527 1548 contentus.

589 1577 655 1614 IX.

127 1644 287 1699 Qando
311 1655 429 1683 autem
447 1643 668 1683 continentes
693 1642 866 1696 angulum
889 1646 1004 1683 rectae
1033 1643 1148 1686 lineae

194 1710 373 1752 assumunt
390 1709 726 1760 circumferentiam,
749 1710 801 1753 illi
823 1711 976 1752 infistere
998 1712 1146 1767 angulus

196 1780 332 1821 dicitur.

631 1849 678 1887 X.

125 1918 246 1959 Seftor
270 1914 387 1956 circuli
406 1916 466 1963 est,
490 1915 636 1969 quando
655 1914 805 1970 angulus
830 1917 874 1957 ad
898 1929 1060 1958 centrum
1082 1932 1170 1960 con-

193 1986 323 2033 stiterit,
345 1985 455 2039 figura
468 1997 634 2025 contenta
653 1986 751 2024 restis
770 1984 868 2026 lineis
887 2001 977 2039 quae
995 1986 1168 2042 angulum

192 2056 388 2104 continent,
407 2066 443 2095 et
464 2051 744 2096 circumferentia
768 2055 813 2096 ab
837 2055 917 2113 ipfis
935 2054 1120 2112 affumpta.

1761 204 1826 258 7².
