2111 2755
321 237 408 286 140
472 192 482 197 -

407 1629 461 1651 21

707 218 1100 269 EUCLIDIS
1145 216 1807 270 ELEMENTORUM

605 311 795 348 Sumantur
818 305 968 359 ipsarum
992 308 1039 353 E,
1063 307 1095 344 F
1119 316 1300 358 utcunque
1324 320 1438 358 aeque
1462 306 1670 359 multiplices
1694 312 1744 358 K,
1769 312 1814 357 L,
1839 322 1873 349 et
1896 307 1983 363 ipsa-

537 392 616 418 rum
635 378 677 423 B,
703 378 742 414 D
762 374 850 415 aliae
874 387 1055 427 utcunque
1079 389 1192 426 aeque
1215 372 1425 427 multiplices
1443 376 1494 421 G,
1519 376 1578 421 H;
1614 387 1648 415 et
1670 389 1710 415 ut
1732 379 1769 417 in
1793 378 1985 432 praemissis

536 444 738 484 ostendetur
761 446 800 482 K
823 458 935 496 aeque
953 441 1139 496 multiplex
1162 442 1266 495 ipsius
1285 445 1332 490 A,
1358 455 1465 495 atque
1487 445 1521 481 L
1544 442 1648 495 ipsius
1673 445 1716 482 C.
1759 458 1794 485 et
1811 448 1984 499 quoniam

538 514 586 553 est
608 515 646 552 A
667 513 712 551 ad
725 514 766 561 B,
794 525 834 551 ut
855 514 887 551 C
914 513 960 551 ad
981 515 1033 560 D,
1058 510 1217 564 sumptae
1236 523 1353 550 autem
1371 510 1449 550 sunt
1467 510 1617 564 ipsarum
1636 513 1686 559 A,
1705 514 1736 551 C
1761 527 1869 566 aeque
1892 514 1985 554 mul—

538 580 672 635 tiplices
691 581 867 633 quaedam
886 583 935 628 K,
960 583 1004 628 L,
1029 592 1064 619 et
1081 578 1230 633 ipsarum
1248 582 1289 627 B,
1310 581 1350 618 D
1368 578 1456 618 allae
1479 580 1657 632 quaedam
1681 594 1793 633 aeque
1816 581 1986 636 multipli-

535 665 595 690 ces
613 652 665 697 G,
683 652 742 696 H;
777 649 805 688 fi
828 651 867 688 K
890 648 1024 703 superat
1049 650 1100 695 G,
1123 646 1298 700 superabit
1321 659 1356 686 et
1373 649 1406 686 L
1424 647 1535 701 ipsam
1551 650 1612 694 H;
1647 660 1683 687 et
1701 648 1727 687 fi
1746 649 1911 703 aequaliS,
1931 665 1987 691 ae—

537 717 652 773 qualis
660 736 670 766 ;
693 730 728 757 et
742 717 768 757 fi
781 718 912 765 minor,
925 718 1056 756 minor.
1093 714 1244 770 suntque
1267 719 1318 764 K,
1342 718 1375 755 L
1388 715 1537 769 ipsarum
1559 719 1606 764 E,
1625 718 1657 755 F
1675 728 1854 771 utcunque
1877 733 1989 772 aeque

537 785 760 840 multiplices,
784 788 836 833 G,
859 788 899 825 H
919 800 1002 825 vcro
1025 784 1179 839 ipsarum
1203 787 1244 831 B,
1264 787 1303 824 D
1327 783 1418 823 aliae
1441 796 1627 838 utcunque
1644 800 1755 838 aeque
1768 785 1986 840 multiplices.

536 867 577 896 ut
600 856 703 911 igitur
726 857 762 895 E
785 855 829 894 ad
850 857 893 903 Β,
921 856 970 894 ita
993 858 1023 894 F
1048 854 1092 893 ad
1112 856 1163 892 D.
1214 852 1371 892 fimiliter
1394 853 1597 893 ostendetur
1621 853 1706 893 alter
1729 853 1836 895 casm.

975 967 1145 1005 PROP.
1182 965 1229 1003 V.
1303 964 1536 1004 THEOR.

541 1052 636 1155 SI
669 1051 940 1116 magnitudo
973 1049 1298 1116 magnitudinis
1333 1068 1477 1113 aeque
1507 1050 1748 1113 multiplex
1773 1050 1827 1099 fit
1852 1066 1990 1115 atque

655 1120 804 1168 ablata
828 1120 1022 1177 ablatae3
1057 1120 1141 1168 erit
1173 1135 1220 1168 et
1243 1119 1414 1183 reliqua
1445 1119 1642 1183 reliquae
1672 1136 1813 1184 aeque
1837 1121 1990 1168 multi-

537 1191 641 1254 plex
667 1205 804 1254 atque
830 1205 929 1239 tota
954 1189 1107 1238 totius.

604 1333 827 1386 Magnitudo
851 1335 947 1372 enim
974 1335 1043 1372 AB
1067 1335 1320 1387 magnitudinis
1351 1335 1423 1373 CD
1455 1349 1566 1387 aeque
1596 1331 1779 1386 multiplex
1811 1333 1857 1377 fit¹
1882 1344 1989 1385 atque

537 1400 653 1441 ablata
668 1404 742 1440 ΑΕ
762 1400 898 1440 ablatae
917 1403 991 1439 CF.
1040 1403 1138 1440 Dico
1162 1413 1196 1440 et
1220 1402 1391 1455 reliquam
1410 1404 1474 1441 ΕΒ
1494 1401 1645 1455 reliquae
1668 1403 1699 1440 F
1701 1404 1741 1440 D
1765 1417 1875 1455 aeque
1899 1399 1990 1440 mul-

538 1470 693 1523 tiplicem
717 1468 784 1508 effe
808 1482 913 1522 atque
938 1481 1049 1508 totam
1076 1472 1146 1509 AB
1171 1472 1278 1509 totius
1302 1473 1387 1509 CD.

603 1540 728 1591 Qiam
752 1536 937 1590 multiplex
961 1538 1056 1576 enim
1075 1539 1123 1576 est
1146 1541 1220 1577 ΑΕ
1244 1538 1347 1592 ipsius
1373 1541 1450 1585 CF,
1469 1550 1544 1576 tam
1564 1536 1749 1591 multiplex
1774 1539 1836 1577 fiat
1860 1548 1894 1576 et
1913 1538 1990 1576 AG

472 1643 477 1650 ‚
490 1629 519 1660 5,
535 1607 639 1661 ipsius
662 1609 693 1645 F
698 1609 748 1645 D.
794 1607 856 1645 erit
881 1607 985 1659 igitur
1000 1609 1101 1645 aAE
1123 1622 1234 1660 aeque
1257 1607 1443 1660 multiplex
1467 1605 1570 1658 ipsius
1595 1608 1660 1645 CF
1735 1613 1801 1773 Gi

536 1688 642 1729 atque
668 1677 743 1714 EG
768 1674 873 1727 ipsius
896 1677 993 1721 CD;
1028 1677 1171 1728 ponitur
1196 1689 1313 1714 autem
1335 1678 1407 1715 ΑΕ
1432 1690 1543 1727 aeque
1566 1673 1661 1713 mul-

536 1744 646 1798 tiplex
670 1743 775 1797 ipfius
803 1745 867 1783 CF
887 1755 993 1796 atque
1012 1746 1080 1783 AB
1105 1743 1207 1796 ipsius
1231 1746 1322 1790 CD;
1358 1743 1435 1782 sunt
1455 1744 1556 1796 igitur
1572 1745 1659 1790 EG,
1733 1741 1785 1789 A
1804 1769 1810 1774 -

539 1817 610 1855 AB
628 1813 731 1867 ipsius
752 1814 825 1851 CD
841 1826 954 1865 aeque
972 1812 1200 1865 multiplices,
1236 1827 1275 1850 ac
1295 1824 1479 1864 propterea
1501 1813 1576 1850 EG
1597 1811 1659 1864 ipfi
1790 1775 1816 1995 Ι

327 1889 355 1918 b.
375 1897 401 1919 1.
417 1891 474 1920 Ax.
490 1898 518 1930 5.
539 1885 609 1923 AB
634 1883 682 1922 est
701 1877 891 1934 aequalisb.
927 1881 1128 1919 communis
1148 1878 1329 1919 auferatur
1341 1883 1426 1927 ΑΕ,
1441 1878 1574 1931 reliqua
1598 1880 1660 1932 igi-
1899 1893 1939 1938 C

533 1964 588 1991 tur
606 1953 686 1992 AG
706 1949 863 2003 aequalis
883 1950 930 1988 est
949 1948 1105 2001 reliquae
1125 1950 1202 1988 ΕΒ.
1253 1950 1374 2001 itaque
1393 1949 1563 2000 quoniam
1587 1950 1660 1986 ΑΕ
1736 1960 1775 2004 E

533 2036 644 2072 aeque
668 2018 857 2072 multiplex
882 2020 930 2056 est
955 2020 1017 2056 CF
1050 2029 1156 2070 atque
1185 2019 1265 2056 AG
1291 2016 1395 2070 ipsius
1420 2019 1504 2063 FD,
1541 2017 1660 2068 estque
1797 2000 1802 2138 Ι
1875 2038 1924 2076 F·

534 2090 614 2128 AG
640 2086 794 2139 aequalis
818 2086 881 2140 ipsi
900 2089 984 2137 EB3
1009 2087 1073 2125 erit
1091 2089 1166 2125 AE
1186 2101 1295 2138 aeque
1314 2084 1502 2138 multiplex
1520 2087 1584 2123 CF
1609 2096 1659 2123 at-

530 2173 600 2210 que
623 2158 688 2194 ΕΒ
722 2154 825 2207 ipsius
855 2157 938 2193 FD.
1010 2169 1121 2207 acque
1149 2154 1337 2207 multiplex
1370 2166 1487 2193 autem
1516 2153 1660 2205 ponitur
1775 2151 1814 2195 E
1898 2151 1944 2195 D

528 2227 604 2266 ΑΕ
637 2223 739 2278 ipsius
769 2224 841 2263 CF
873 2236 977 2276 atque
1005 2225 1076 2263 AB
1108 2222 1211 2276 ipsius
1241 2226 1343 2271 CD;
1381 2237 1467 2277 ergo
1497 2223 1570 2261 ΕΒ
1596 2235 1651 2260 ae-
1720 2268 1725 2269 ⁷
