2111 2755
550 197 833 247 LIBER
891 194 1260 245 PRIMUS.

251 298 443 337 Sumantur
469 294 505 333 in
531 305 680 346 utraque
704 290 854 346 ipsarum
877 294 962 341 CD,
985 295 1054 333 CE
1079 294 1220 346 quaevis
1242 293 1373 344 punfta
1394 293 1445 341 D,
1466 293 1513 340 E,
1543 290 1628 344 jun-

181 377 354 420 gaturque
368 366 444 402 DE
454 381 464 410 ς
489 374 523 401 ct
542 377 587 403 cx
605 360 713 400 tribus
732 361 832 400 reffis
850 359 891 400 li-

181 434 266 481 neis,
291 447 381 486 quae
404 429 565 484 aequales
589 429 656 468 fint
675 428 783 468 tribus
802 431 886 476 CD,
1113 443 1148 482 C
1418 443 1467 488 Α

180 504 266 548 DE,
293 503 362 541 EC
388 497 601 552 triangulum
625 498 855 536 constituatur
871 502 885 520 ²
1450 531 1451 534 ,
1638 518 1664 540 ι,
1680 517 1730 543 22·
1746 513 1776 542 1.'

183 572 308 616 AFG,
337 570 381 608 ita
406 579 444 606 ut
467 569 540 606 CD
562 565 604 604 fit
627 562 780 616 aequalis
804 566 884 611 AF,

180 649 214 676 et
238 639 303 676 CE
328 635 390 689 ipsi
416 636 509 681 AG,
547 645 582 672 et
605 635 681 670 DE
712 630 776 684 ipfi
800 633 883 670 FG.

178 705 363 757 Qoniam
381 704 484 757 igitur
504 702 595 740 duae
608 701 691 747 DC,
712 701 778 738 CE
797 699 885 738 dua·
946 727 982 764 D
1199 713 1236 751 E
1265 748 1298 787 F
1499 738 1542 779 G

177 772 243 811 bus
266 774 345 818 FA,
370 772 449 810 AG
473 767 635 822 aequales
659 766 748 815 sunt,
774 765 885 807 altera

176 839 285 888 alterI,
310 851 344 878 et
367 838 456 878 bafis
476 840 552 877 DE
570 838 619 876 est
642 834 795 889 aequalis
811 835 886 875 basi
1223 829 1280 870 Β

174 910 271 955 FG;
307 906 456 962 angulus
480 908 588 946 DCE
619 903 776 959 aequalis
801 905 864 944 erit
888 902 1021 956 angulo
1044 897 1199 942 FAGb.
1262 901 1329 942 Ad
1364 902 1484 942 datam
1520 903 1666 958 igiturb
1681 911 1761 943 8.1.‘

175 981 306 1017 re&am
328 976 459 1016 lineam
486 977 568 1023 AB,
593 987 629 1014 et
651 974 696 1013 ad
721 973 878 1013 datum
870 988 908 1013 m
932 987 972 1012 ea
994 974 1168 1025 punfftum
1190 972 1242 1018 A,
1261 970 1346 1010 dato
1369 970 1503 1026 angulo
1527 973 1627 1012 resti-

173 1044 267 1086 IInco
280 1047 387 1085 DCE
405 1042 563 1099 aequalis
582 1041 735 1098 angulus
759 1041 959 1082 reffilineus
981 1040 1190 1080 constitutus
1209 1040 1257 1078 est
1275 1041 1398 1080 FAG.
1436 1041 1494 1093 Q
1508 1043 1555 1080 E.
1580 1043 1625 1081 F.

569 1157 744 1195 PROP.
780 1155 921 1195 XXIV.
992 1152 1232 1192 THEOR.

179 1243 274 1345 SI
309 1243 402 1290 duo
434 1240 657 1305 triangula
687 1241 780 1288 duo
810 1240 951 1288 latera
980 1238 1158 1286 duobus
1184 1237 1397 1285 lateribus
1423 1236 1626 1300 aequalia

286 1310 495 1366 habeant,
526 1310 720 1356 alterurn
743 1308 886 1365 alteri,
917 1306 1138 1371 angulum
1161 1321 1313 1354 autern
1340 1305 1508 1370 angulo
1533 1322 1626 1352 ma-

169 1381 331 1447 j,orem
364 1379 443 1442 qui
478 1375 738 1441 aequalibus
773 1376 899 1425 reffls
933 1375 1061 1424 lineis
1088 1375 1367 1433 continetur3
1407 1388 1454 1422 et
1483 1372 1624 1422 basim

169 1399 266 1497 Jbafi
289 1448 508 1514 majorem
531 1446 777 1495 habebunt.

247 1592 324 1631 Sint
349 1590 423 1629 duo
447 1588 618 1643 triangula
641 1590 753 1637 ΑΒΕ,
779 1589 899 1636 DEF,
927 1602 1019 1642 quae
1042 1587 1118 1628 duo
1142 1585 1248 1627 latera
1275 1588 1358 1635 AB,
1387 1586 1459 1627 AC
1484 1582 1625 1624 duobus

178 1659 344 1700 lateribus
368 1659 454 1706 DE,
480 1659 551 1696 DF
570 1655 729 1709 aequalia
752 1655 861 1695 habe·
889 1676 933 1721 A
1290 1675 1338 1714 -D

180 1741 252 1776 ant,
276 1726 424 1766 alterum
450 1724 560 1773 alteri,
589 1723 751 1764 videlicet
773 1723 862 1763 latus

180 1796 325 1849 quidem
353 1796 423 1834 AB
455 1792 604 1846 aequale
639 1791 736 1831 lateri
774 1794 860 1839 DE,

179 1864 267 1904 latus
301 1877 385 1902 vero
412 1864 480 1902 AC
517 1859 662 1915 aequale
699 1862 771 1899 DF
781 1877 790 1906 ;
828 1871 862 1898 at

181 1931 329 1986 angulus
362 1932 482 1970 BAC
507 1928 640 1983 angulo
664 1930 786 1967 EDF
822 1927 863 1967 fit

179 2002 304 2055 major.
363 1999 455 2047 dico,
478 1998 591 2038 bafim
613 1998 676 2038 BC
699 1996 774 2037 bafi
796 1998 863 2035 EF
899 2026 941 2069 B
1159 2017 1193 2057 C
1307 1990 1349 2031 E
1595 2022 1628 2056 G

1540 2061 1576 2101 F

176 2070 350 2124 majorem
374 2065 454 2106 effe.

246 2139 442 2177 Rastarum
477 2135 573 2175 enim
597 2135 683 2183 DE,
722 2135 793 2173 DF
829 2133 870 2173 fit
895 2135 971 2172 DE
1007 2148 1047 2172 ea
1083 2147 1174 2185 quae
1209 2145 1284 2170 non
1308 2132 1425 2185 major
1447 2132 1496 2170 est
1520 2128 1628 2169 altera

181 2209 264 2255 DF,
290 2218 325 2246 et
348 2205 580 2245 constituatur
605 2203 651 2243 ad
674 2205 806 2243 refflm
829 2202 958 2242 lineam
983 2204 1070 2250 DE,
1097 2213 1132 2241 et
1156 2201 1201 2240 ad
1225 2203 1401 2254 punffhnn
1435 2201 1471 2239 in
1508 2212 1549 2237 ea
1574 2200 1626 2245 D,

849 2272 889 2310 D
928 2282 953 2308 2
1493 2264 1628 2320 angulo

1788 198 1857 263 ,η
