2111 2755
261 202 355 271 376
915 195 1452 244 NOTAE.

475 289 597 346 *plures
620 286 752 326 fuerint
774 287 906 332 rectam
943 285 1118 324 rationem
1142 283 1235 323 hanc
1263 284 1400 337 primae
1430 284 1475 323 ad
1500 283 1663 326 ultimam
1687 286 1850 327 dixerunt
1881 300 1934 325 ra-

483 362 618 399 tionem
640 352 875 408 compositam
899 368 942 392 ex
961 352 1154 392 rationibus
1179 353 1313 406 primae
1337 353 1382 391 ad
1407 351 1609 400 secundam,
1639 367 1674 393 et
1696 354 1867 395 secundae
1890 354 1935 394 ad

482 427 621 467 tertiam
646 427 791 469 restam,
818 422 888 461 hoc
913 423 974 470 est,
1010 423 1046 461 in
1071 419 1243 475 praesenti
1267 419 1357 468 casu,
1393 436 1437 460 ex
1460 421 1655 462 rationibus
1678 438 1769 476 quae
1791 424 1937 463 eaedem

482 494 562 535 sunt
585 492 779 533 rationibus
804 489 967 530 laterum.
1006 503 1112 544 atque
1131 490 1179 529 ita
1199 489 1335 528 brevius
1348 490 1634 543 Propositionem
1652 493 1936 539 enuntiaverunt,

482 565 549 603 viz.
576 563 612 601 Si
637 559 769 600 fuerint
793 559 866 599 duo
891 558 1122 613 aequiangula
1147 557 1486 612 parallelogramma,
1511 559 1696 599 habebunt
1720 562 1811 599 inter
1834 560 1865 600 se
1885 576 1939 600 ra-

481 633 620 672 tionem
645 631 797 669 eandem
823 630 854 668 ei
877 643 968 682 quae
990 628 1188 681 composita
1212 628 1260 666 est
1285 642 1329 666 ex
1353 627 1546 667 rationibus
1578 643 1670 682 quae
1694 629 1840 668 eaedem
1864 629 1939 669 sunt

481 699 679 741 rationibus
698 697 864 738 laterum.
903 712 996 751 quae
1014 697 1158 750 quidem
1180 695 1405 750 paucioribus
1423 697 1536 736 verbis
1557 697 1699 737 effertur
1712 713 1822 751 quam
1841 713 1939 751 prae-

482 770 612 810 cedens
633 768 841 814 enuntiatio,
867 766 996 805 eodem
1021 777 1138 805 autem
1158 763 1266 804 sensu.
1301 764 1371 804 Vel
1391 766 1506 805 adhuc
1532 765 1669 806 brevius
1677 785 1687 814 3
1712 766 1941 820 aequiangula

480 836 816 893 parallelogramma
839 836 931 874 inter
954 834 987 874 se
1011 835 1187 874 rationem
1211 832 1348 872 habent
1372 835 1521 873 eandem
1554 836 1584 874 ei
1617 850 1709 888 quae
1744 835 1941 889 composita

476 909 530 948 rest
555 921 599 946 ex
622 904 816 946 rationibus
840 902 1000 943 laterum.
1038 914 1144 956 atque
1167 902 1235 942 hae
1260 902 1350 942 duae
1375 904 1635 943 enuntiationes
1652 902 1808 952 ultimae,
1828 905 1943 958 prima

483 973 697 1031 praesertim,
729 973 947 1012 conveniunt
970 971 1265 1011 demonstrationi
1294 986 1384 1024 quae
1407 986 1502 1011 nunc
1526 973 1564 1012 in
1588 985 1685 1012 textu
1711 975 1856 1012 Graeco
1880 973 1944 1013 ha-

482 1045 597 1084 betur.
647 1043 760 1096 potest
783 1054 902 1080 autem
928 1040 1130 1094 Propositio
1154 1039 1291 1079 brevius
1322 1040 1565 1088 demonstrari,
1603 1054 1642 1081 ut
1667 1042 1762 1095 apud
1786 1045 1818 1081 F
1820 1041 1945 1081 rancis-

475 1128 566 1153 rcum
580 1109 795 1151 Candallam
808 1110 878 1150 hoc
892 1110 1019 1157 modo,
1034 1111 1099 1149 viz.
1122 1108 1189 1148 smt
1202 1108 1433 1163 aequiangula
1447 1109 1780 1164 parallelogramma
1791 1113 1945 1159 ABCD,

484 1184 583 1222 CEF
586 1183 637 1228 G,
662 1192 696 1219 et
720 1178 941 1233 compleatur
963 1178 1337 1232 parallelogrammum
1357 1180 1531 1227 CDHG;
1567 1181 1739 1234 quoniam
1763 1181 1867 1233 igitur
1881 1180 1946 1219 tria

484 1249 565 1290 sunt
594 1247 928 1303 parallelogramma
963 1250 1053 1295 AC,
1087 1250 1181 1294 CH,
1211 1249 1293 1294 CF,
1324 1245 1471 1286 habebit

487 1318 551 1373 (ex
570 1318 779 1357 definitione
798 1317 942 1356 rationis
961 1315 1195 1371 compositae)
1220 1317 1375 1369 primum
1399 1318 1471 1355 AC
1496 1303 1532 1341 A
1726 1283 1768 1323 D
1875 1295 1930 1342 Η

488 1387 535 1427 ad
560 1387 700 1425 tertium
726 1388 802 1432 CF,
827 1387 1004 1424 rationem
1028 1400 1124 1438 quae
1145 1384 1340 1438 composita
1360 1386 1408 1424 est
1427 1399 1471 1424 ex
1500 1427 1531 1441 ῃ
1887 1413 1936 1456 G

487 1456 624 1496 ratione
651 1455 723 1493 AC
749 1454 795 1491 ad
820 1455 906 1500 CH,
930 1466 965 1492 et
989 1454 1126 1492 ratione
1149 1455 1221 1492 CH
1247 1453 1292 1492 ad
1314 1455 1397 1500 CF;
1423 1454 1471 1491 est
1501 1443 1535 1469 D
1698 1338 1748 1556 C<
1867 1338 1874 1556 ζ

488 1535 608 1563 autem
638 1519 1013 1575 parallelogrammum
1049 1522 1128 1560 AC
1159 1521 1203 1559 ad
1234 1519 1348 1572 ipsum
1379 1522 1473 1568 CH,
1693 1541 1734 1589 Ε
1878 1532 1921 1581 Γ

488 1604 528 1632 ut
552 1595 644 1630 reela
661 1592 723 1629 BC
747 1589 791 1628 ad
810 1588 918 1642 ipsam
933 1590 1006 1629 CG
1016 1606 1026 1636 3
1050 1600 1085 1627 et
1102 1587 1473 1642 parallelogrammum

482 1663 562 1701 CH
586 1660 634 1699 est
658 1659 703 1697 ad
727 1656 841 1711 ipsum
865 1659 941 1705 CF,
978 1669 1018 1696 ut
1051 1661 1145 1697 recta
1171 1659 1242 1696 DC
1273 1658 1318 1697 ad
1343 1662 1474 1696 renam
1498 1658 1585 1704 CE;
1623 1672 1712 1711 ergo
1743 1657 1854 1697 habet
1886 1673 1947 1712 pa-

488 1727 819 1782 rallelogrammum
847 1729 918 1766 AC
943 1726 988 1765 acl
1012 1726 1125 1780 ipsum
1151 1728 1214 1766 CF
1237 1727 1412 1766 rationem
1438 1740 1528 1779 quae
1551 1727 1747 1780 composita
1767 1728 1815 1766 est
1832 1742 1875 1766 ex
1894 1742 1949 1767 ra-

490 1797 648 1838 tionibus
673 1811 763 1850 quae
783 1796 931 1835 eaedem
955 1794 1034 1835 sunt
1052 1794 1248 1834 rationibus
1272 1795 1435 1834 laterum.
1489 1806 1524 1833 et
1548 1795 1630 1834 huic
1655 1796 1950 1836 demonstrationi

491 1867 659 1906 convenit
683 1866 883 1904 enuntiatio
906 1879 998 1917 quae
1021 1880 1119 1904 nunc
1144 1863 1308 1912 habetur,
1332 1865 1398 1903 viz.
1425 1862 1758 1918 parallelogramma
1782 1866 1948 1918 aequian-

486 1935 573 1989 rgula
597 1936 688 1973 inter
712 1932 746 1972 se
769 1933 907 1972 habent
926 1934 1100 1972 rationem
1125 1947 1168 1972 cx
1191 1932 1339 1972 laterum
1366 1931 1558 1971 rationibus
1576 1933 1823 1986 compositam.
1862 1949 1949 1974 nam

492 2004 644 2057 vulgaris
669 2001 772 2041 lectio
805 2007 826 2024 “
846 2017 889 2042 ex
908 2001 1076 2041 lateribus
1095 2002 1358 2054 compositam'’
1383 2000 1528 2040 absurda
1553 2002 1612 2040 est.
1655 2003 1862 2041 retinuimus
1886 2018 1948 2042 au-

489 2084 567 2111 tem
591 2073 627 2110 in
652 2072 719 2110 hac
743 2071 914 2110 Editione
939 2070 1278 2110 demonstrationem
1305 2085 1394 2123 quae
1417 2069 1569 2109 habetur
1599 2071 1634 2109 in
1667 2082 1763 2110 textu
1790 2074 1947 2120 Graeco,

488 2141 653 2194 quamvis
672 2139 901 2192 prolixiorem
921 2142 962 2178 ca
983 2155 1090 2192 quam
1110 2140 1212 2179 tradit
1231 2138 1418 2183 Candalla,
1445 2140 1614 2192 quoniam
1635 2140 1672 2178 in
1695 2139 1766 2186 illa,
1793 2155 1868 2179 non
1887 2155 1947 2179 au-

488 2222 568 2252 um
593 2210 630 2249 in
653 2208 732 2255 hac,
760 2209 953 2249 ostenditur
971 2210 1159 2263 quomodo
1178 2224 1220 2249 ex
1241 2209 1326 2248 datis
1345 2207 1542 2248 rationibus
1566 2207 1724 2258 laterum,
1748 2210 1946 2250 inveniatur

1854 2290 1946 2318 Yath
