2111 2755
418 204 704 256 LIBER
759 202 1354 255 UNDECIMUS.
1718 210 1808 279 283

512 344 682 383 PROP.
719 343 897 383 XXXIX.
971 343 1208 382 THEOR.

139 433 234 537 SI
269 430 317 477 in
352 428 492 476 solido
529 427 902 493 parallelepipedo
927 426 1238 492 oppositorum
1261 427 1499 491 planorum
1524 429 1584 477 la-

246 514 339 547 tera
362 498 565 545 secentur
578 497 800 554 bifariam,
821 515 899 560 per
918 497 1125 544 sefflones
1145 515 1248 544 vero
1268 497 1400 560 plana
1420 498 1586 545 ducan-

132 585 227 626 tur;
264 567 522 615 communis
548 565 786 629 planorum
819 566 951 612 sefflo
987 580 1034 612 et
1067 565 1196 613 solidi
1218 565 1584 629 parallelepipedi

133 639 351 686 diameter
374 637 418 683 se
441 650 605 683 mutuo
629 634 837 683 bifariam
860 633 1087 682 secabunt.

199 782 243 819 In
267 777 380 818 solido
404 777 501 816 enim
523 774 823 831 parallelepipedo
840 778 924 823 AF,
942 773 1193 828 oppositorum
1211 773 1402 828 planorum
1418 777 1493 825 CF,
1507 779 1587 818 AH

128 848 234 890 latera
252 845 414 886 bifariam
440 843 597 884 secentur
619 845 656 884 in
680 845 816 897 punffls
834 846 884 892 K,
905 846 950 893 L,
969 846 1028 891 M,
1050 847 1107 892 N;
1143 847 1191 892 X,
1217 845 1268 892 O,
1291 848 1330 893 P,
1355 847 1392 884 R
1400 863 1410 893 ς
1447 857 1482 885 et
1500 847 1587 900 jun-

126 928 255 973 gantur
278 916 362 962 KL,
385 914 486 961 MN,
512 915 601 960 XO,
624 914 702 952 PR.
774 925 809 952 et
832 913 1004 966 quoniam
1029 915 1119 963 DK,
1148 915 1215 954 CL
1245 912 1406 967 aequales
1443 913 1523 953 sunt
1553 926 1588 953 et

127 983 324 1039 parallelae,
349 994 453 1023 erunt
476 984 560 1030 KL,
586 983 659 1021 DC
683 980 871 1036 parallelae
882 987 906 1020 ².
957 981 1085 1021 eadem
1116 983 1265 1030 ratione,
1294 979 1482 1035 parallelae
1506 979 1585 1022 sunt
1598 998 1624 1019 ι.
1642 997 1738 1029 33.1.

127 1056 226 1102 ΜΝ,
249 1053 334 1093 BA.
388 1052 437 1091 est
460 1063 578 1091 autem
601 1051 674 1090 BA
700 1048 869 1104 parallela
892 1050 957 1104 ipsi
981 1052 1079 1098 DC;
1115 1051 1287 1105 quonlam
1310 1051 1413 1104 igitur
1437 1062 1584 1104 utraque

128 1935 278 1992 ipsarum
294 1935 380 1981 KL,
397 1933 473 1972 BA
496 1928 660 1987 parallela
684 1931 732 1970 est
754 1929 817 1984 ipfi
837 1932 921 1978 DC,
945 1944 1022 1969 non
1045 1930 1082 1969 in
1107 1929 1235 1970 eodem
1253 1945 1338 1970 cum
1361 1930 1435 1985 ips&
1455 1929 1574 1985 plano,

127 2008 193 2047 erit
216 2007 288 2045 KL
311 2000 478 2057 parallela
501 1997 518 2024 b
542 2000 605 2054 ipsi
627 2003 713 2040 BA.
768 2011 804 2039 et
833 2000 1004 2052 quoniam
1029 2011 1178 2053 utraque
1201 1999 1350 2054 ipsarum
1374 2002 1457 2050 KL,
1489 2003 1575 2041 MN
1589 2014 1616 2043 b.
1633 2023 1665 2053 9.
1680 2022 1728 2045 xx,

127 2072 292 2130 parallela
315 2072 364 2111 est
385 2069 449 2122 ipsi
462 2071 548 2118 BA,
567 2084 643 2109 non
666 2069 703 2108 in
723 2068 853 2108 codem
871 2083 954 2107 cum
974 2068 1048 2120 ipsa
1067 2067 1188 2121 plano,
1211 2071 1274 2109 erit
1288 2070 1359 2109 KL
1378 2068 1544 2123 parallela
1558 2066 1575 2093 b

125 2143 192 2198 ipfi
214 2144 320 2188 MN;
355 2152 462 2193 quare
486 2139 569 2186 KL,
602 2139 689 2177 MN
720 2137 757 2176 in
787 2151 862 2176 uno
887 2136 966 2175 sunt
988 2135 1110 2190 plano.
1164 2137 1319 2178 similiter
1341 2149 1376 2178 ct
1400 2140 1485 2186 XO,
1509 2140 1575 2178 PR

128 2211 355 2252 ostendentur
377 2210 415 2249 in
439 2222 513 2248 uno
537 2204 605 2248 effe
627 2205 750 2261 plano.
786 2205 1002 2246 Communis
1019 2218 1137 2267 autem
1156 2205 1259 2249 scffio
1276 2205 1469 2265 planorum
1483 2208 1573 2254 ΚΝ,

769 2276 809 2315 N
831 2289 857 2314 n
896 2287 920 2315 2
1499 2275 1576 2314 XR
