2111 2755
266 214 360 265 292
663 194 1059 245 EUCLIDIS
1108 194 1771 249 ELEMENTORUM

488 295 570 339 BD,
594 291 642 330 ita
665 288 816 341 spatium
841 288 881 327 T
905 288 950 327 ad
977 289 1123 328 ABCD
1145 287 1326 328 circulum.
1387 291 1454 329 erit
1476 303 1596 331 autem
1619 306 1659 334 ut
1682 294 1829 348 spatium
1857 295 1884 346 †
1909 294 1949 335 T

490 365 535 404 ad
558 360 703 402 ABCD
731 356 914 402 circulum,
947 358 995 396 ita
1026 356 1176 396 circulus
1197 359 1347 397 EFGH
1380 359 1425 398 ad
1448 358 1597 413 spatium
1624 363 1818 414 quoddam,
1850 365 1951 417 quod

330 442 359 472 d.
377 448 426 478 14.
445 447 473 480 5.
490 430 638 487 quidem
662 428 780 466 minus
799 428 864 467 erit
881 425 1017 466 circulo
1039 422 1222 473 ABCDd,
1251 429 1334 480 quia
1359 426 1509 481 spatium
1530 429 1570 468 T
1594 431 1708 484 majus
1732 433 1778 470 est
1799 435 1867 471 EF
1869 435 1952 472 GH

489 498 635 543 circulo.
685 511 771 551 ergo
789 507 824 536 et
843 508 881 535 ut
900 496 1114 550 quadratum
1135 511 1178 536 ex
1190 498 1264 536 FH
1280 496 1325 536 ad
1344 498 1556 550 quadratum
1573 513 1617 537 ex
1631 501 1713 546 BD,
1740 500 1787 538 ita
1801 503 1952 542 EFGH

490 567 637 613 circulus
661 565 706 605 ad
726 565 873 621 aliquod
894 564 1043 620 spatium
1060 566 1179 606 minus
1199 564 1331 606 circulo
1349 569 1512 616 ABCD3
1549 568 1649 622 quod
1668 568 1744 608 fieri
1761 582 1838 608 non
1856 568 1953 622 poffe

489 1538 666 1581 ostensum
691 1541 751 1578 est.
807 1553 884 1579 non
908 1539 1013 1592 igitur
1037 1549 1076 1576 ut
1095 1536 1311 1590 quadratum
1336 1549 1380 1574 ex
1399 1537 1471 1575 BD
1497 1535 1542 1574 ad
1566 1536 1776 1588 quadratum
1800 1551 1844 1576 ex
1867 1539 1956 1587 FHJ

487 1612 535 1651 ita
555 1611 603 1649 est
623 1607 773 1649 circulus
791 1610 934 1649 ABCD
955 1607 1000 1646 ad
1019 1605 1168 1659 spatium
1190 1604 1335 1658 aliquod
1354 1606 1470 1658 majus
1490 1607 1557 1644 EF
1561 1607 1641 1644 GH
1655 1604 1797 1644 circulo.
1835 1607 1952 1645 osten·

489 1679 563 1720 sum
589 1690 708 1718 autem
733 1679 781 1717 e‘st
805 1692 922 1731 neque
947 1677 992 1715 ad
1017 1677 1145 1714 minus.
1203 1688 1312 1727 quare
1336 1686 1374 1713 ut
1398 1674 1612 1726 quadratum
1637 1688 1681 1712 ex
1704 1675 1775 1712 BD
1799 1674 1844 1713 ad
1864 1689 1952 1726 qua-

492 1750 635 1789 dratum
662 1761 706 1787 cx
729 1749 814 1795 FH,
839 1748 887 1786 ita
912 1747 1134 1785 critABCD
1148 1743 1298 1783 circulus
1324 1743 1368 1782 ad
1393 1742 1560 1782 circuhun
1579 1743 1776 1794 ssEFGH.
1820 1742 1953 1783 Circuli

490 1819 595 1872 igitur
619 1816 700 1856 sunt
724 1828 763 1856 ut
787 1816 959 1870 quadrata
983 1830 1027 1854 ex
1052 1813 1240 1854 diametri&
1295 1814 1353 1864 Q
1374 1815 1420 1851 E.
1445 1814 1496 1851 D.

1244 1947 1306 1975 dam
1324 1944 1553 1983 Propofitionibus
1573 1943 1666 1974 fimilia
1683 1944 1861 1982 intelligenda
1883 1943 1955 1975 sunt.

1288 1991 1305 2028 ᾧ
1332 1990 1439 2018 Etenim
1464 1991 1590 2028 quoniam
1618 1988 1693 2027 poffit
1717 1988 1833 2017 existere
1856 1998 1954 2027 quarta

1245 2034 1455 2073 proportionalis
1469 2034 1607 2072 quadratis
1622 2044 1658 2061 ex
1673 2036 1732 2065 BD,
1744 2035 1792 2060 FH
1808 2041 1834 2061 et
1851 2032 1954 2061 circulo

1249 2081 1360 2111 ABCD,
1378 2088 1447 2116 quae
1461 2079 1571 2116 quidem
1589 2088 1677 2116 neque
1693 2077 1781 2104 minor
1794 2086 1881 2113 neque
1896 2086 1954 2103 ma-

1242 2124 1287 2160 jor
1300 2122 1385 2160 potest
1399 2122 1449 2150 effe
1462 2124 1495 2151 cix
1504 2122 1565 2150 culo
1576 2125 1646 2149 EFC
1657 2123 1690 2154 Η,
1703 2129 1733 2148 ut
1746 2118 1876 2148 ostensum
1887 2118 1957 2156 fuit3

1245 2167 1328 2205 igitur
1344 2167 1447 2197 circulo
1457 2167 1521 2197 huie
1532 2165 1678 2196 necessario
1692 2163 1810 2201 aequalis
1822 2163 1884 2192 erit.

528 1953 547 1988 ἡ·
565 1950 706 1980 Ostensum
719 1951 791 1979 enim
804 1949 841 1979 est
855 1950 881 1978 in
894 1948 1068 1988 praecedenti
1081 1949 1152 1974 Nota
1166 1947 1199 1974 ad

487 1996 504 2013 ²*
521 1995 592 2033 posse
616 1995 732 2024 existere
757 2002 884 2034 quartum
900 1991 1105 2032 proportionale
1131 2001 1197 2029 qua-

488 2040 573 2068 dratis
591 2050 626 2067 ex
644 2043 704 2072 BD,
718 2043 767 2068 ΡΗ
782 2048 809 2067 et
825 2038 929 2067 circulo
947 2040 1049 2066 ABCD
1066 2036 1141 2074 quod
1157 2035 1197 2062 di-

488 2084 601 2112 cebatur
617 2087 642 2110 S.
689 2093 715 2111 et
738 2083 858 2111 [imiliter
880 2081 965 2119 spatio
981 2084 1021 2114 T,
1038 2078 1199 2117 cireulisque

480 2130 605 2160 'ABCD,
628 2129 728 2154 EFGH
754 2127 839 2165 potest
863 2126 914 2155 effe
937 2134 1066 2164 quartum
1082 2133 1197 2162 propor-

493 2170 603 2201 tionale.
638 2171 737 2200 eodem
753 2172 836 2201 modo
851 2171 878 2201 in
897 2169 1070 2209 sequentibus
1089 2165 1198 2208 quibus-

1669 2283 1697 2322 P
1711 2281 1840 2321 ROP,
1880 2281 1950 2321 ΙΙΙ.
