2111 2755
271 193 363 242 018
651 187 1047 240 EUCLIDIS
1094 185 1755 241 ELEMENTORUM

272 234 293 262 3
479 286 538 340 jus
560 282 651 322 basis
678 276 1241 331 ATBYCVDonlygonurn,
1272 289 1390 316 vertex
1414 289 1531 315 autem
1555 285 1725 330 punctum
1750 283 1794 326 L,
1819 280 1863 320 ad
1889 293 1944 320 to·

486 366 559 392 tam
584 347 809 402 pyramidem
833 347 935 400 cujus
958 345 1049 386 basis
1072 345 1300 400 polygonum
1318 348 1620 392 EOFPGRHS,
1646 361 1681 387 et
1697 362 1814 388 vertex
1834 365 1945 403 punc-

484 434 563 460 tum
599 421 650 457 N.
713 431 825 470 quare
860 427 895 454 et
929 416 1086 468 pyramis
1120 416 1218 469 cujus
1254 413 1343 453 basis
1379 415 1705 467 ATBYCVDQ
1722 418 1944 471 polygonum

485 500 606 528 vertex
641 498 759 526 autem
795 488 970 538 punc'tum
1006 487 1052 530 L,
1097 484 1142 523 ad
1185 483 1409 537 pyramidem
1453 484 1549 537 cujus
1595 483 1683 522 basis
1719 485 1946 539 polygonum

486 556 790 602 EOFPGRHS,
822 565 857 593 et
878 566 997 593 vertex
1019 556 1191 607 punc‘tum
1216 555 1266 600 N,
1298 552 1508 606 triplicatam
1534 553 1709 592 rationem
1741 554 1849 594 habet
1875 557 1949 610 ejus

489 640 600 679 quam
624 626 694 664 AC
720 622 831 663 habet
861 623 906 662 ad
932 624 1018 662 EG.
1085 622 1231 675 ponitur
1263 633 1381 660 autem
1415 636 1526 660 conus
1556 622 1654 674 cujus
1685 621 1776 660 basis
1800 623 1948 664 circulus

488 695 644 741 ABCD,
675 704 795 732 vertex
819 703 938 730 autem
964 694 1136 743 punchun
1162 691 1205 736 L,
1231 689 1275 728 ad
1300 688 1450 728 solidum
1480 691 1515 727 X
1540 688 1749 742 triplicatam
1774 692 1950 732 rationem

490 761 627 802 habere
656 762 730 815 ejus
762 774 874 813 quam
899 760 968 798 AC
995 758 1039 797 ad
1067 760 1142 797 EG
1153 775 1162 804 ;
1198 769 1238 796 ut
1273 758 1378 810 igitur
1408 773 1519 796 conus
1551 759 1649 811 cujus
1682 758 1770 797 basis
1801 759 1950 800 circulus

490 832 648 877 ABCD,
678 841 799 868 vertex
824 839 945 867 autern
969 830 1142 880 punctum
1167 829 1214 873 L,
1247 826 1292 864 ad
1322 824 1474 864 solidum
1498 827 1545 873 X,
1571 827 1616 864 ita
1641 828 1689 865 cst
1712 830 1867 880 pyramis
1890 844 1952 868 cu-

486 900 544 953 jus
568 897 659 938 bafis
680 894 1245 947 ATBYCVDonlygonum,
1269 906 1388 932 vertex
1412 906 1528 932 autern
1553 898 1724 946 punctum
1750 898 1794 942 L,
1818 897 1862 935 ad
1887 912 1953 950 py—

491 967 667 1007 ramidem
701 967 798 1018 cujus
825 963 916 1002 bafis
939 961 1165 1016 polygonum
1186 963 1482 1009 EOFPGRHS,
1507 974 1541 1001 et
1565 974 1683 1002 vertex
1705 968 1874 1016 punffhnn
1900 968 1951 1004 N.

493 1035 605 1074 diftus
629 1046 748 1073 autem
770 1047 882 1072 conus
908 1032 1025 1085 major
1050 1032 1098 1070 est
1121 1031 1308 1084 pyramide
1333 1046 1423 1084 quae
1442 1032 1479 1070 in
1497 1030 1582 1083 ipso,
1606 1033 1737 1070 etenim
1755 1048 1834 1071 eam
1854 1048 1953 1073 com-

493 1103 681 1158 prehendit
690 1120 699 1150 ;
724 1103 837 1156 majus
854 1101 959 1154 igitur
978 1101 1026 1139 est
1044 1098 1193 1139 solidum
1219 1102 1254 1138 X
1279 1100 1464 1152 pyramide
1487 1100 1587 1152 cujus
1612 1098 1702 1138 basss
1725 1100 1954 1154 polygonum

341 1190 364 1218 j,
385 1197 433 1226 14.
449 1195 478 1228 5,
494 1173 794 1218 EOFPGRHS,
825 1182 946 1208 vertex
976 1183 1093 1208 autem
1119 1173 1292 1221 punctum
1318 1165 1384 1207 Ni.
1444 1166 1501 1207 sed
1526 1180 1561 1207 et
1583 1169 1721 1216 minus;
1758 1170 1853 1222 quod
1879 1171 1954 1210 fieri

493 1255 569 1280 non
585 1241 712 1293 potest.
748 1254 825 1278 non
844 1239 947 1292 igitur
966 1252 1077 1276 conus
1091 1238 1191 1291 cujus
1210 1235 1301 1275 bafis
1323 1238 1465 1276 ABCD
1485 1235 1644 1283 circulus,
1660 1250 1694 1276 et
1707 1249 1826 1277 vertex
1844 1253 1955 1291 punc-

494 1321 575 1348 tum
598 1311 645 1354 L,
674 1308 720 1346 ad
745 1307 893 1359 aliquod
917 1305 1070 1344 solidum
1095 1307 1214 1344 minus
1245 1319 1341 1343 cono
1372 1306 1471 1358 cujus
1508 1304 1597 1343 bafis
1621 1304 1767 1344 circulus
1792 1308 1954 1355 EFGH,

496 1388 531 1416 et
554 1388 674 1414 vertex
698 1378 735 1413 N
759 1377 943 1426 punctum,
970 1372 1178 1425 triplicatam
1202 1374 1377 1411 rationem
1403 1372 1513 1410 habet
1537 1373 1610 1425 ejus
1631 1388 1737 1424 quam
1757 1376 1825 1413 AC
1845 1374 1955 1414 habet

497 1445 541 1483 ad
567 1445 656 1482 EG.
698 1441 855 1481 similiter
880 1440 1200 1479 demonstrabimus
1225 1455 1342 1493 neque
1366 1454 1499 1479 conum
1525 1442 1714 1479 EFGHN
1740 1442 1785 1479 ad
1810 1441 1955 1495 aliquod

497 1510 648 1551 solidum
690 1510 809 1548 minus
850 1523 946 1547 cono
984 1510 1202 1557 ABCDL‚
1244 1507 1455 1559 triplicatam
1492 1509 1665 1547 rationem
1704 1509 1837 1548 habere
1879 1512 1955 1564 ejus

497 1594 608 1632 quam
627 1577 735 1617 habet
759 1579 835 1616 EG
860 1576 904 1615 ad
929 1578 1011 1615 AC.
1054 1576 1152 1614 Dico
1171 1590 1286 1628 neque
1300 1577 1476 1614 ABCDL
1494 1589 1627 1614 conum
1647 1577 1691 1614 ad
1712 1575 1861 1616 solidum
1879 1593 1957 1618 ma-

493 1649 552 1702 jus
570 1661 667 1687 cono
685 1649 751 1685 EF
755 1648 874 1684 GHN
899 1643 1108 1697 triplicatam
1128 1642 1259 1682 habere
1281 1644 1457 1682 rationem
1477 1645 1551 1697 ejus
1564 1659 1673 1696 quam
1690 1647 1759 1683 AC
1779 1645 1888 1684 habet
1911 1647 1957 1686 ad

499 1718 588 1756 EG.
649 1715 675 1754 fi
700 1715 795 1754 enim
822 1714 896 1752 fieri
921 1714 1046 1765 potest,
1072 1712 1202 1751 habeat
1225 1712 1269 1751 ad
1294 1711 1439 1764 aliquod
1463 1710 1614 1750 solidum
1638 1714 1765 1766 majus,
1792 1715 1890 1766 quod
1915 1714 1957 1754 fit

498 1785 546 1822 Z.
585 1783 794 1823 invertendo
818 1783 934 1836 igitur,
960 1780 1112 1819 solidum
1138 1783 1172 1819 Z
1197 1781 1241 1819 ad
1265 1795 1399 1819 conum
1419 1782 1592 1819 ABCDL
1618 1780 1828 1833 triplicatam
1853 1784 1959 1822 ratio-

499 1868 582 1892 nem
606 1852 716 1892 habet
739 1852 812 1905 ejus
838 1865 949 1903 quam
974 1852 1049 1889 EG
1075 1850 1119 1888 ad
1148 1851 1231 1889 AC.
1292 1850 1356 1888 erit
1383 1861 1501 1888 autem
1528 1861 1565 1887 ut
1589 1847 1740 1888 solidum
1765 1852 1800 1888 Z
1827 1851 1871 1889 ad
1894 1866 1958 1890 co-

501 1937 589 1960 num
615 1922 804 1967 ABCDL‚
828 1920 874 1958 ita
899 1921 1087 1958 EFGHN
1114 1933 1224 1958 conus
1249 1919 1292 1957 ad
1319 1916 1465 1970 aliquod
1489 1916 1650 1965 solidum,
1687 1919 1786 1971 quod
1812 1920 1958 1972 quidem

502 1991 621 2029 minus
639 2003 642 2008 ·
658 1991 721 2029 erit
734 2004 831 2029 cono
849 1990 1036 2033 ABCDL‚
1063 1988 1235 2039 quoniam
1250 1986 1398 2026 solidum
1413 1988 1447 2025 Z
1462 1987 1574 2040 majus
1587 1987 1635 2024 est
1646 2002 1740 2025 cono
1754 1989 1820 2026 EF
1823 1990 1955 2028 GHN.

500 2073 586 2111 ergo
606 2071 640 2097 et
658 2074 770 2098 conus
791 2060 980 2097 EFGHN
1006 2057 1050 2095 ad
1078 2056 1228 2096 solidum
1253 2055 1398 2109 aliquod
1425 2056 1540 2094 minus
1566 2070 1662 2094 cono
1681 2058 1869 2103 ABCDL‚
1896 2057 1956 2094 tri-

499 2125 667 2180 plicatam
700 2129 873 2166 rationem
900 2125 1046 2165 habebit
1077 2127 1151 2179 ejus
1182 2141 1291 2178 quam
1319 2127 1393 2164 EG
1420 2124 1527 2163 habet
1560 2124 1603 2163 ad
1635 2127 1717 2171 AC,
1750 2124 1848 2177 quod
1878 2124 1955 2164 ficri

497 2211 577 2236 ⁴non
607 2194 706 2249 posse
737 2197 1016 2235 demonstratum
1047 2197 1106 2236 est.
1161 2210 1237 2236 non
1262 2196 1366 2249 igitur
1394 2195 1570 2235 ABCDL
1596 2207 1706 2233 conus
1732 2193 1776 2232 ad
1802 2191 1955 2232 solidum

1811 2260 1955 2314 ahquod
