2111 2755
466 199 750 251 LIBER
806 195 1323 249 SECUNDUS.

166 298 342 357 quadratis
365 312 409 339 ex
431 299 505 346 BC,
536 298 605 337 CA
634 308 669 336 et
698 306 870 336 contento
900 293 952 334 bis
982 310 1003 334 a
1026 296 1100 342 BC,
1131 295 1205 334 CD
1235 291 1458 347 restangulm
1494 293 1612 349 itaque

168 370 382 425 quadratum
406 382 449 408 ex
477 368 552 406 BA
581 365 695 419 majus
719 365 768 403 est
792 377 901 417 quam
925 363 1092 416 quadrata
1116 377 1160 402 ex
1183 364 1263 410 BC,
1291 364 1379 411 CA,
1404 362 1610 417 reclangulo

165 438 218 480 bis
249 438 294 478 ab
325 436 404 490 ipsis
432 438 505 484 BC,
530 436 603 475 CD
627 444 809 473 contento·
869 433 913 471 In
937 430 1177 486 obtusangulis
1200 432 1303 486 Igitur
1327 430 1505 487 triangulis
1536 431 1608 474 &a

164 509 224 561 Q
239 509 286 547 E.
311 508 362 546 D.

577 591 744 631 PROP.
781 589 887 628 xm.
960 589 1185 628 THEOR.

161 705 252 808 IN
266 699 391 750 omni
405 695 643 761 triangu10‚
659 696 930 758 quadratum
951 710 1005 741 ex
1025 692 1163 742 latere
1182 709 1369 742 acutum
1389 697 1607 760 angulum

237 769 547 822 subtendente,
572 763 721 811 minus
747 763 807 810 est
827 780 964 826 quam
984 764 1202 825 quadrata
1222 780 1276 810 ex
1297 764 1508 812 lateribus
1533 784 1604 815 an-

158 840 318 907 gulum
344 838 475 885 illurn
506 849 694 882 acutum
725 832 1076 888 continentibus,
1111 834 1369 897 reclangulo
1390 850 1606 883 contento

156 910 224 959 bis
250 909 305 956 ab
334 924 425 954 uno
448 905 643 952 laterum
674 919 789 965 quae
814 901 917 949 sunt
944 901 1061 948 circa
1089 916 1276 949 acutum
1304 901 1537 966 angulum,
1560 904 1609 951 in

153 978 283 1044 quod
306 971 683 1040 perpendicularis
711 971 847 1026 cadit,
868 985 914 1018 et
931 971 1048 1017 recta
1065 969 1183 1018 linea
1200 971 1448 1034 intercepta
1466 989 1492 1020 a
1510 989 1606 1037 per-

156 1046 438 1112 pendiculari
458 1045 517 1091 ad
537 1040 759 1106 angulum
779 1054 982 1087 acutum.

228 1190 281 1230 Sit
307 1185 521 1241 triangulum
548 1186 662 1232 ABC,
694 1195 836 1223 acutum
867 1181 1004 1223 habens
1029 1181 1199 1238 angulum
1225 1183 1269 1224 ad
1293 1186 1336 1232 B,
1360 1195 1396 1223 et
1414 1184 1565 1226 ducatur
1587 1200 1607 1225 a

157 1261 292 1313 puncto
311 1259 349 1297 A
373 1255 417 1294 ad
436 1257 498 1294 BC
518 1250 813 1307 perpendicularis
827 1256 841 1274 ³
858 1252 947 1291 AD.
1010 1252 1091 1291 dico
1109 1252 1320 1305 quadratum
1339 1267 1383 1291 ex
1398 1255 1471 1292 AC
1489 1255 1608 1294 minus
1620 1273 1646 1294 a.
1662 1270 1751 1294 12.1.

157 1325 226 1367 effe
250 1338 359 1379 quam
384 1322 554 1376 quadrata
577 1335 622 1359 ex
644 1322 718 1367 CB,
742 1321 822 1366 BA,
845 1319 1051 1373 reetangulo
1074 1320 1126 1358 bis
1151 1336 1171 1359 a
1196 1322 1270 1368 CB,
1293 1323 1363 1360 BD
1387 1332 1572 1361 contento.

226 1394 340 1435 Cadat
362 1391 483 1446 primo
511 1391 592 1430 AD
623 1390 715 1428 intra
744 1386 962 1441 triangulum
987 1389 1107 1435 ABC3
1144 1400 1179 1428 et
1202 1390 1375 1442 quoniam
1399 1394 1491 1429 reela
1513 1389 1607 1430 linea

158 1466 221 1505 CB
244 1461 331 1501 festa
348 1461 397 1500 est
416 1471 596 1510 utcunque
618 1458 656 1512 in
673 1460 725 1505 D,
749 1467 852 1496 erunt
871 1456 1040 1509 quadrata
1059 1472 1103 1497 ex
1122 1460 1196 1506 CB,
1215 1460 1285 1498 BD
1305 1457 1463 1512 aequalia
1482 1471 1516 1498 et
1533 1473 1608 1498 rec-

159 1529 306 1586 tangulo
317 1528 371 1568 bis
383 1542 404 1566 a
417 1529 490 1575 CB,
499 1529 571 1566 BD
584 1536 767 1573 contento,
781 1536 816 1564 et
829 1524 1000 1577 quadrato
1014 1539 1057 1564 ex
1069 1528 1141 1566 DC
1150 1523 1178 1565 b.
1204 1542 1396 1568 commune
1409 1539 1606 1580 apponatur
1618 1538 1646 1568 b.
1665 1547 1694 1575 7.
1711 1546 1740 1569 2.

159 1615 204 1640 ex
221 1601 298 1639 AD
322 1596 548 1650 quadratum3
585 1594 753 1646 quadrata
765 1594 871 1646 igitur
882 1608 926 1632 ex
938 1595 1011 1640 CB,
1029 1595 1113 1643 BD,
1128 1597 1211 1637 DA
1226 1595 1381 1650 aequalia
1393 1595 1472 1635 sunt
1484 1608 1519 1636 et
1531 1610 1606 1636 rec-

161 1666 309 1722 tangulo
344 1664 397 1703 bis
429 1662 474 1702 ab
506 1661 586 1715 ipsis
615 1663 689 1709 CB,
712 1662 784 1699 BD
808 1672 992 1707 contento,
1024 1672 1059 1700 et
1286 1683 1318 1720 Α

162 1735 337 1792 quadratis
361 1747 405 1772 ex
417 1733 508 1779 AD,
522 1732 603 1769 DC.
640 1728 697 1768 sed
716 1728 895 1782 quadratis
913 1728 1058 1780 quidem

161 1820 205 1845 ex
223 1806 306 1851 BD,
332 1804 410 1841 DA
429 1796 574 1852 aequale
598 1798 646 1837 est
665 1812 708 1836 ex
722 1799 791 1837 AB
809 1796 1023 1849 quadratum
1033 1802 1058 1844 ⁰,

162 1877 273 1914 reekus
296 1870 393 1910 enim
416 1866 566 1922 angulus
589 1867 638 1906 est
661 1867 720 1919 qui
744 1865 789 1905 ad
813 1867 872 1912 D;
909 1865 1058 1918 quadra-

161 1942 205 1981 tis
222 1955 305 1980 vcro
328 1954 372 1978 ex
395 1939 484 1984 AD,
507 1937 581 1975 DC
606 1934 752 1988 aequale
775 1935 823 1973 est
847 1934 1058 1987 quadratum

164 2025 208 2050 ex
231 2011 311 2049 AC.
371 2005 541 2059 quadrata
563 2005 669 2058 igitur
694 2018 738 2042 ex
766 2004 843 2050 CB,
873 2004 946 2041 BA
979 2001 1059 2041 sunt
1395 2034 1398 2036 μ

162 2060 322 2132 aequalia
347 2075 519 2130 quadrato
542 2087 586 2112 ex
604 2074 687 2120 AC,
711 2084 746 2111 et
764 2083 935 2111 contento
958 2070 1011 2110 bis
1034 2085 1055 2110 a
1124 2040 1160 2083 B
1282 2039 1325 2082 D
1535 2036 1579 2080 C

162 2149 240 2195 CB,
262 2148 333 2186 BD
357 2141 577 2198 reuangulm
612 2142 727 2194 itaque
750 2139 863 2180 solum
889 2140 1099 2192 quadratum
1121 2153 1165 2179 ex
1187 2141 1259 2178 AC
1281 2140 1398 2180 minus
1422 2141 1470 2180 est
1493 2153 1603 2193 quarn

163 2215 331 2271 quadrata
355 2228 399 2254 ex
417 2215 492 2263 CB,
518 2213 587 2255 BA
609 2208 814 2265 restangulo
839 2208 890 2248 bis
913 2224 934 2248 a
953 2211 1027 2259 CB,
1050 2211 1122 2249 BD
1144 2219 1327 2249 contento.

842 2280 858 2318 I
899 2290 923 2317 2
1538 2275 1607 2315 Sed

1620 1815 1644 1835 c.
1662 1814 1714 1843 47.
1729 1813 1756 1835 ι.

1773 198 1836 261 67
