2111 2755
459 204 742 252 LIBER
800 204 1257 269 QUINTUS.
1396 175 1402 187 ”
1699 230 1790 282 139

123 303 168 342 tia
198 301 230 340 C
260 298 304 338 ad
328 310 495 352 ,quartam
528 301 567 338 D
577 316 586 346 3
628 311 662 338 et
701 298 881 339 sumantur
917 298 1070 353 ipsarum
1108 305 1252 358 quidem
1287 308 1341 355 A,
1371 310 1404 349 C
1436 321 1560 350 utcun-

123 385 191 424 que
215 383 325 421 aeque
343 367 550 420 multiplices
575 370 621 415 E,
647 369 696 414 F;
731 367 882 421 Ipsarum
906 383 988 407 vero
1010 371 1052 418 B,
1076 374 1116 412 D
1139 372 1225 414 aliae
1247 387 1427 430 utcunque
1452 393 1563 432 aeque

121 436 329 491 multiplices
354 438 403 483 G,
429 439 480 475 H.
529 437 624 475 Dico
648 439 682 475 E
707 437 751 475 ad
772 438 821 484 G,
846 438 893 476 ita
917 436 984 476 csse
1007 450 1046 478 ut
1063 443 1095 479 F
1117 443 1162 482 ad
1185 446 1237 483 H.

186 508 380 559 Sumantur
404 503 552 557 ipsarum
576 506 621 550 E,
648 506 679 541 F
702 516 880 556 utcunque
905 519 1013 557 aeque
1037 508 1248 564 multiplices
1271 515 1321 562 K,
1344 515 1389 564 L,
1413 527 1448 554 et
1470 516 1557 570 ipsa⁴

118 591 197 615 rum
221 576 272 621 G,
295 575 335 611 H
360 571 445 611 aliae
468 583 648 623 utcunque
673 585 782 623 aeque
805 570 1013 623 multiplices

117 646 177 689 M,
202 646 250 682 N.
305 641 476 694 quoniam
499 640 602 690 igitur
626 642 660 678 E
692 654 803 691 aeque
827 638 1014 692 multiplex

118 713 166 751 est
190 710 292 764 ipsius
309 712 359 756 A,
379 721 484 761 atque
503 709 533 745 F
558 706 659 760 ipsius
676 709 719 753 C,
744 705 929 746 sumuntur
952 722 1011 747 au—
1055 725 1057 727 ¹

117 792 188 818 tem
212 777 359 831 ipsarum
386 779 433 822 E,
457 778 488 814 F
512 790 622 827 aeque
645 774 853 828 multiplices
878 778 926 823 K,
958 778 1009 823 L;

114 848 179 887 erit
203 848 240 885 K
265 843 377 897 aeque
400 842 584 896 multiplex
605 849 618 866 ²³
641 843 743 895 ipsius
770 845 820 890 A,
849 856 952 897 atque
976 846 1010 883 L

112 915 215 969 ipsius
232 916 275 954 C.
319 914 441 952 eadem
467 914 604 951 ratione
623 914 669 950 M
694 926 803 964 aeque
828 911 1010 965 multiplex

113 984 177 1023 erit
200 981 303 1036 ipsius
326 983 367 1028 B,
393 993 497 1032 atque
516 983 551 1018 N
573 980 676 1032 ipfius
696 983 746 1019 D.
785 992 819 1018 et
838 982 1007 1033 quoniam

58 1038 61 1041 Ι
111 1053 159 1092 est
183 1062 223 1090 ut
240 1052 278 1090 A
302 1050 345 1089 ad
366 1052 406 1097 B,
433 1050 524 1087 itaC
549 1048 593 1087 ad
618 1051 657 1087 D
666 1066 675 1094 ;
711 1047 867 1101 sumptae
890 1061 1007 1088 autem

110 1119 188 1159 sunt
211 1118 362 1171 ipsarum
375 1120 423 1165 A,
437 1119 467 1156 C
487 1132 595 1170 aeque
612 1116 816 1170 multiplices
830 1118 1005 1170 quaedam

111 1191 162 1233 K,
188 1190 241 1234 L;
277 1198 311 1226 et
340 1184 490 1238 ipsarum
515 1188 558 1233 B,
578 1188 617 1224 D
642 1185 728 1224 aliae
752 1186 927 1238 quaedam
951 1201 1007 1225 ae-

109 1271 181 1310 que
203 1253 413 1307 multiplices
436 1256 495 1300 M,
516 1257 569 1292 N:
604 1253 631 1291 s1
650 1257 688 1292 K
710 1252 845 1306 superat
868 1256 926 1301 M,
954 1253 1007 1292 su-

108 1324 244 1378 perabit
268 1334 301 1361 et
325 1324 358 1360 L
377 1319 486 1374 ipsam
506 1324 561 1367 N;
586 1332 621 1359 et
644 1321 670 1360 fi
694 1320 856 1374 aequalis,
876 1336 1006 1373 aequa-

109 1391 170 1441 lis;
205 1403 239 1431 et
258 1390 283 1430 fi
302 1391 431 1437 minor,
450 1390 569 1428 minor
579 1385 604 1427 b.
642 1387 788 1442 suntque
807 1391 856 1436 K,
877 1392 910 1428 L
929 1390 1006 1442 qui-

110 1461 193 1500 dem
217 1457 366 1511 ipsarum
384 1460 431 1505 E,
456 1460 487 1496 F
506 1469 684 1510 utcunque
708 1473 818 1510 aeque
837 1456 1005 1510 multipli-

109 1543 184 1576 ces;
218 1529 277 1573 M,
302 1529 339 1564 N
363 1539 446 1564 vcro
469 1524 622 1578 ipsarum
642 1528 693 1573 G,
712 1528 752 1565 H
771 1524 855 1565 aliae
879 1538 1005 1565 utcun-

110 1604 181 1650 que
205 1609 316 1647 acque
333 1592 554 1645 multiplices·
590 1605 629 1632 ut
647 1594 750 1646 igitur
768 1596 804 1632 E
823 1595 868 1633 ad
888 1596 939 1641 G,
957 1595 1006 1633 ita

111 1661 129 1689 b
152 1665 216 1704 erit
240 1666 270 1702 F
294 1662 339 1701 ad
363 1664 414 1700 H.
464 1662 589 1712 Qare
612 1660 639 1699 fi
663 1660 734 1700 &a
784 1662 842 1713 Q
858 1664 981 1708 E„D.

175 1734 283 1772 COR.
314 1732 365 1769 Et
389 1728 553 1776 similiter,
578 1728 603 1767 fi
628 1730 741 1782 prima
767 1729 810 1767 ad
835 1727 1021 1768 secundam
1047 1727 1195 1767 eandem
1218 1725 1347 1767 habeat
1364 1728 1548 1778 rationem,

108 1815 214 1854 quam
237 1799 337 1838 tertia
361 1798 406 1837 ad
430 1809 609 1849 quartam;
645 1809 679 1836 et
703 1812 816 1850 aeque
839 1795 1047 1852 multiplices
1070 1798 1202 1849 primae
1231 1808 1266 1835 et
1291 1799 1422 1845 tertiae,
1448 1799 1550 1852 juxta

108 1869 265 1923 quamvis
288 1865 627 1919 multiplicationem,
664 1866 709 1904 ad
740 1864 927 1904 secundam
957 1877 991 1904 et
1017 1877 1179 1918 quartam
1203 1865 1352 1904 eandem
1377 1868 1548 1906 rationem

108 1935 303 1977 habebunt.
346 1946 379 1973 et
404 1933 560 1973 similiter
583 1935 694 1986 prima
718 1946 752 1973 et
777 1935 884 1981 tertia,
909 1934 954 1972 ad
977 1948 1088 1986 aeque
1110 1931 1320 1986 multiplices
1343 1934 1474 1988 quasvis
1498 1934 1546 1974 se-

107 2005 243 2045 cundae
261 2015 295 2043 et
318 2014 463 2056 quartae
486 2002 637 2041 eandem
655 2001 841 2041 habebunt
859 2003 1046 2041 rationem.

173 2074 292 2112 Prima
315 2071 411 2110 enim
434 2073 471 2110 A
495 2070 538 2109 ad
563 2069 750 2109 secundam
775 2073 804 2108 Β
829 2071 978 2110 eandem
1001 2072 1175 2110 rationem
1198 2069 1325 2110 habeat
1349 2087 1455 2124 quam
1478 2085 1547 2112 ter-

109 2143 155 2182 tia
178 2144 210 2181 C
233 2141 277 2179 ad
302 2151 465 2192 quartam
486 2142 536 2185 D,
561 2150 595 2177 et
619 2137 801 2177 sumantur
824 2138 976 2191 ipsarum
993 2141 1042 2189 A,
1066 2141 1097 2179 C
1121 2150 1300 2193 utcunque
1323 2155 1433 2194 aeque
1456 2139 1546 2179 mul-

107 2209 236 2264 tiplices
255 2211 302 2257 E,
326 2210 377 2255 F;
413 2209 475 2247 erit
494 2210 528 2246 E
549 2207 593 2246 ad
611 2209 652 2255 B,
672 2219 712 2246 ut
729 2209 759 2246 F
781 2208 825 2246 ad
845 2209 896 2246 D.
957 2231 960 2233 >

778 2277 801 2314 S
841 2287 864 2313 2
1358 2278 1547 2317 Sumantur

1567 872 1592 892 a.
1605 872 1634 902 3.
1647 870 1674 902 ς.

1564 1408 1591 1437 b.
1608 1406 1749 1448 Def.5.5¹.
