2111 2755
659 173 1193 225 NOTAE.

179 264 393 319 tiplicatione
417 264 699 304 antecedentium
723 267 767 312 C,
804 268 843 305 D
866 255 1077 306 ad⁴fastum
1108 280 1152 305 ex
1180 263 1477 319 multiplicatione
1505 266 1627 308 consc-

175 335 361 387 quentium
386 335 433 380 E,
458 335 503 381 Z,
527 333 596 372 hoc
621 334 669 372 est
692 334 783 373 ratio
805 334 941 373 numeri
965 333 1060 386 plani
1083 335 1182 387 cujus
1206 332 1313 372 latera
1337 332 1414 373 sunt
1436 336 1481 383 C,
1514 337 1555 375 D
1578 336 1624 376 ad

173 416 363 442 numerum
388 401 531 455 planum
555 403 654 455 cujus
676 400 781 441 latera
816 401 893 442 sunt
924 404 969 449 E,
996 402 1042 440 Z.
1100 403 1212 456 Igitur
1235 401 1435 455 Propofitio
1459 417 1550 455 quae
1573 405 1622 445 est

172 471 350 510 Definitio
374 485 410 520 5.
435 470 518 510 Lib.
543 470 582 508 6.
626 471 750 509 eadem
775 471 925 509 omnino
950 471 999 509 est
1028 485 1111 510 cum
1136 469 1381 523 Propositione
1403 483 1440 519 5.
1465 470 1549 510 Lib.
1579 473 1619 512 8.

173 540 216 578 In
243 538 353 578 altero
378 540 480 592 igitur
503 538 634 577 horum
665 537 827 577 locorum
852 537 1002 577 delenda
1029 540 1094 585 est;
1129 537 1318 578 absurdum
1342 539 1437 578 enirn
1463 540 1511 579 est
1533 542 1621 580 Pro-

171 607 383 660 posrtionem
409 608 446 645 in
470 604 666 645 Elementis
689 607 774 659 poni
800 618 969 659 tanquam
988 606 1260 653 Dfflnirionmn,
1280 619 1315 645 et
1332 608 1483 647 eandem
1507 609 1543 647 in
1567 607 1620 648 iis-

170 676 252 715 dem
277 675 516 715 dcmonstrari.
561 673 716 713 Nullum
741 687 858 713 autem
883 673 1031 713 dubium
1057 675 1104 713 cst
1124 676 1230 727 Prop.
1253 687 1289 722 5.
1315 675 1397 714 Lib.
1423 676 1463 714 8.
1489 676 1619 717 debere

168 742 291 783 locum
310 743 441 783 habere
464 743 502 781 in
526 741 733 789 Elementis‚
757 742 851 780 idem
876 743 971 781 enim
996 743 1032 780 in
1056 757 1095 781 ea
1115 743 1374 783 demonstratur
1393 744 1438 783 de
1461 747 1618 785 numeris

167 811 281 865 planis
304 811 404 865 quod
429 811 466 849 in
489 812 596 863 Prop.
626 823 699 858 23.
725 809 807 850 Lib.
838 809 876 848 6.
909 810 1172 849 demonstratur
1204 811 1248 849 de
1278 811 1617 867 parallelogrammis

166 878 424 933 aequiangulis;
460 893 569 932 quare
593 879 769 918 Definitio
792 891 828 927 5.
856 877 938 918 Lib.
969 878 1009 917 6.
1041 879 1078 917 in
1101 877 1299 917 Elementis
1329 878 1450 919 locum
1481 881 1618 922 habere

167 963 244 988 non
267 949 390 1002 potest.
439 947 536 986 unde
559 945 735 1000 perspicue
755 959 900 1000 apparet
923 961 1000 986 eam
1019 947 1166 986 minime
1186 947 1333 1000 positam
1355 946 1456 988 fuisse
1474 947 1520 988 ab
1539 952 1615 989 Eu-

162 1016 265 1065 clide,
289 1015 346 1056 sed
371 1031 391 1055 a
417 1016 576 1054 Theone
598 1015 652 1055 vel
676 1014 746 1054 alio
769 1015 929 1068 quodam
949 1016 1179 1055 Geometriae
1202 1017 1320 1055 minus
1343 1017 1468 1068 perito.

235 1084 368 1124 Nullus
388 1097 517 1132 autern,
532 1097 702 1137 quantum
717 1082 798 1132 scio,
811 1085 992 1138 proprium
1011 1082 1112 1123 ufiim
1132 1085 1276 1127 rationis
1295 1085 1511 1138 compositae
1528 1085 1613 1126 hac-

165 1166 265 1194 tenus
283 1154 446 1199 ostendit,
468 1151 521 1192 vel
539 1165 684 1206 propter
702 1167 809 1203 quam
829 1151 968 1192 causam
986 1152 1022 1192 in
1043 1154 1290 1192 Geometriam
1316 1154 1515 1193 introdut‘ia
1535 1152 1612 1194 fue-

165 1223 225 1269 rit;
257 1236 368 1275 quum
387 1222 512 1260 omnia
530 1222 566 1260 ir1
585 1220 711 1274 quibus
733 1219 818 1260 solet
837 1220 997 1261 adhiberi
1017 1222 1106 1260 ratio
1124 1222 1332 1274 composita,
1351 1222 1482 1275 possint
1507 1224 1612 1263 etiarn

163 1289 236 1330 line
258 1288 411 1343 ejusdem
436 1289 574 1335 auxilio,
600 1302 677 1328 turn
701 1290 890 1336 enuntiari,
915 1301 990 1328 tum
1014 1290 1256 1328 demonstrari,
1299 1289 1389 1328 Usus
1413 1302 1531 1329 autern
1557 1305 1611 1330 ra-

162 1359 266 1398 tionis
290 1357 506 1410 compofitae
524 1358 561 1395 in
580 1357 651 1396 hoc
675 1358 779 1396 unice
802 1357 965 1404 consistit,
990 1358 1089 1410 quod
1113 1358 1186 1410 ejus
1210 1371 1279 1409 ope
1302 1356 1519 1410 periphrases
1542 1360 1611 1398 evi-

161 1438 288 1474 tentur,
313 1438 347 1464 et
364 1426 412 1464 ita
426 1424 692 1478 Propofitiones
710 1424 841 1478 poffint
863 1423 917 1464 vel
936 1425 1110 1464 enuntiari
1133 1424 1189 1464 vel
1209 1425 1439 1464 demonstrari
1463 1426 1610 1475 brevius,

160 1493 215 1534 vel
238 1506 426 1546 utrumque
451 1493 524 1531 fieri
548 1493 662 1545 possit.
699 1495 770 1531 Ex.
784 1507 836 1546 gr.
857 1492 882 1531 si
901 1492 1098 1545 Propofitio
1118 1492 1205 1531 haee
1229 1505 1251 1530 2
1265 1506 1303 1541 3.
1328 1492 1411 1532 Lib.
1438 1493 1477 1532 6.
1497 1508 1610 1534 enun-

162 1562 279 1602 tianda
304 1559 397 1608 effer,
422 1575 496 1599 non
516 1558 608 1599 faeia
631 1560 775 1599 rationis
799 1559 1016 1613 compositae
1039 1561 1235 1607 mentione,
1259 1561 1305 1599 ita
1329 1561 1446 1608 fieret;
1481 1561 1508 1600 fi
1535 1563 1608 1602 duo

159 1628 492 1684 parallelogramma
514 1628 752 1682 aequiangula
773 1626 914 1675 fuerint,
938 1640 972 1667 et
992 1629 1053 1667 fiat
1076 1640 1116 1667 ut
1139 1627 1229 1667 latus
1253 1629 1357 1681 primi
1381 1629 1426 1668 ad
1445 1628 1533 1669 latus
1558 1629 1608 1670 se-

160 1698 279 1745 cundi,
315 1699 360 1737 ita
384 1698 522 1751 quaevis
545 1701 638 1736 reeta
663 1695 834 1749 assumpta
866 1697 910 1736 ad
937 1696 1126 1736 secundam
1154 1700 1303 1744 reetam3
1339 1708 1377 1736 ut
1409 1710 1492 1737 vero
1516 1697 1607 1738 latus

159 1766 336 1818 reliquum
360 1766 463 1819 primi
487 1764 638 1804 adlatus
657 1764 827 1818 reliquum
852 1763 1003 1813 secundi,
1029 1766 1075 1804 ita
1099 1765 1160 1804 fiat
1177 1763 1326 1804 secunda
1351 1769 1444 1804 resta
1467 1766 1513 1806 ad
1537 1778 1606 1807 ter-

158 1837 261 1882 tiam3
298 1835 363 1874 erit
385 1832 754 1887 parallelogrammum
779 1835 933 1886 primum
958 1834 1001 1872 ad
1021 1831 1225 1880 secundum,
1250 1845 1290 1872 ut
1307 1835 1421 1886 prima
1444 1838 1537 1874 resta
1560 1835 1605 1875 ad

158 1904 296 1943 tertiam
316 1906 459 1942 reetam.
496 1914 531 1941 et
550 1902 803 1940 demonstratio
826 1902 950 1941 eadem
969 1900 1053 1941 esset
1071 1917 1154 1941 eum
1178 1916 1219 1941 ea
1243 1916 1351 1952 quam
1376 1916 1471 1941 nunc
1494 1902 1606 1942 habe-

157 1985 247 2011 mus.
284 1973 428 2010 Veteres
448 1982 565 2009 autem
590 1985 675 2009 cum
692 1968 851 2009 vidissent
874 1971 967 2010 hanc
986 1971 1268 2009 enuntiationem
1287 1968 1384 2023 posse
1408 1969 1605 2011 breviorem

156 2040 270 2090 reddi,
295 2039 321 2078 s1
340 2053 476 2078 nomen
499 2038 702 2090 impositum
725 2037 808 2078 effer
833 2039 959 2078 rationi
983 2053 1090 2091 qnam
1109 2038 1217 2077 habet
1235 2038 1348 2091 prima
1367 2043 1457 2078 reela
1481 2039 1525 2078 ad
1551 2038 1601 2078 ul-

157 2110 292 2155 timam,
317 2121 390 2160 quo
407 2107 556 2145 nomine
579 2105 683 2145 fimul
708 2106 943 2145 indicarentur
962 2107 1112 2145 rationes
1130 2106 1370 2156 intermediae,
1389 2107 1525 2160 primae
1543 2106 1604 2146 sci-

157 2175 236 2217 licet
259 2176 303 2216 ad
326 2175 530 2224 secundam,
567 2186 602 2215 et
624 2173 795 2216 secundae
816 2174 861 2214 ad
893 2174 1031 2216 tertiam
1055 2179 1198 2224 reetam,
1233 2187 1267 2215 et
1297 2176 1345 2215 ita
1381 2176 1545 2228 deinceps
1575 2174 1603 2216 fi

1486 2241 1603 2297 plures

1759 194 1855 244 375
