2111 2755
253 208 316 260 66

322 1412 348 1433 ι.
369 1409 417 1433 12.
435 1409 463 1431 1.

461 1908 468 1915 .
483 1877 630 1932 tangulo
646 1877 699 1916 bis
712 1876 758 1916 ab
773 1875 852 1930 ipfis
864 1878 937 1924 BC,
950 1878 1024 1915 CD
1038 1889 1213 1916 contento
1221 1873 1249 1916 ι).
1285 1891 1385 1916 com-

641 200 1033 255 EUCLIDIS
1078 194 1747 252 ELEMENTORUM

473 301 545 340 FH
569 297 709 352 reliquo
732 298 814 336 HD
838 296 886 334 est
904 291 1062 346 aequale.
1117 305 1152 333 et
1175 293 1223 332 est
1246 295 1330 332 HD
1353 292 1501 346 quidem
1524 294 1768 349 reetangulum
1786 294 1832 335 ab
1851 296 1933 345 AB,

475 370 561 415 BH,
585 368 633 406 est
656 367 752 404 enim
776 366 844 403 AB
869 361 1025 416 aequalis
1047 360 1111 415 ipsi
1135 363 1228 408 BD;
1262 363 1336 400 FH
1354 375 1438 400 vero
1462 362 1508 400 est
1532 363 1746 414 quadratum
1769 379 1814 404 ex
1835 367 1929 404 AH.

476 433 717 488 reetangulum
744 433 852 486 igitur
874 442 1088 470 contentum
1112 429 1158 469 ab
1183 432 1264 478 AB,
1295 432 1368 469 BH
1392 430 1568 483 quadrato
1598 444 1643 469 ex
1671 434 1752 472 AH
1782 431 1934 487 aequale

477 505 551 543 erit.
590 516 701 554 quare
725 502 807 541 data
832 504 926 540 reela
950 499 1043 540 linea
1067 502 1134 539 AB
1159 498 1247 538 festa
1271 500 1321 538 cst
1344 500 1379 538 in
1404 502 1457 546 H,
1493 500 1540 538 ita
1575 510 1617 538 ut
1651 511 1863 543 contentum
1887 501 1934 542 ab

481 574 564 620 AB,
587 573 658 610 BH
683 569 927 624 reetangulum
952 569 1128 622 quadrato
1153 583 1196 607 ex
1218 570 1297 608 AH
1322 568 1364 608 fit
1386 567 1546 621 aequale.
1604 569 1663 622 Q
1681 570 1728 608 E.
1753 571 1798 609 F.

889 681 1058 721 PROP.
1095 681 1182 719 XII.
1255 679 1492 719 THEOR.

479 770 572 873 IN
603 766 912 833 obtusangulis
940 766 1174 831 triangulis
1194 766 1467 830 quadratum
1488 782 1543 814 ex
1565 766 1705 813 latere
1723 766 1939 817 obtusum

557 838 778 903 angulum
801 838 1113 892 subtendente,
1139 835 1285 901 majus
1309 835 1370 880 est
1397 853 1534 898 quam
1561 838 1779 898 quadrata
1799 854 1854 884 ex
1877 838 1940 885 la-

480 908 649 956 teribus
675 907 888 954 obtusum
920 905 1140 969 angulum
1166 903 1519 960 continentibus,
1551 905 1809 969 reetangulo
1833 924 1940 954 con-

480 992 611 1026 tento
640 976 708 1023 bis
742 977 798 1022 ab
836 992 928 1024 uno
959 975 1155 1022 laterum
1194 990 1310 1038 quae
1339 973 1443 1022 sunt
1474 974 1591 1021 circa
1624 975 1838 1023 obtusum
1865 992 1942 1023 an·

480 1046 643 1110 gulum
675 1045 722 1091 in
756 1047 880 1108 quod
907 1045 1178 1106 produ6tum
1205 1043 1582 1107 perpendicularis
1601 1045 1736 1100 cadit,
1758 1060 1804 1092 et
1823 1048 1941 1093 reeta

479 1115 596 1162 linea
622 1114 874 1179 intercepta
901 1114 1096 1162 exterius
1124 1131 1149 1162 a
1173 1113 1531 1178 perpendiculari
1548 1115 1605 1162 ad
1624 1114 1844 1180 angulum
1864 1115 1942 1162 ob·

481 1185 644 1232 tusum.

549 1329 601 1367 Sit
620 1325 897 1380 obtufimgulum
922 1325 1140 1380 triangulum
1159 1328 1270 1374 ABC,
1290 1324 1459 1366 obtusum
1479 1324 1650 1380 angulum
1671 1326 1810 1367 habens
1826 1328 1942 1376 ACB,

483 1408 518 1436 et
542 1396 691 1435 ducatur
710 1410 730 1434 a
752 1398 887 1448 pune'to
909 1397 946 1434 A
971 1395 1016 1433 ad
1034 1396 1098 1434 BC
1122 1395 1334 1448 produstam
1358 1393 1656 1449 perpendicularis
1676 1401 1691 1419 ³
1711 1399 1805 1437 AD.
1861 1397 1944 1437 dico

484 1466 697 1519 quadratum
722 1478 766 1502 ex
778 1465 847 1503 AB
866 1465 980 1517 majus
1004 1461 1072 1502 effe
1092 1477 1199 1517 quam
1219 1465 1394 1517 quadrata
1856 1481 1907 1527 A

482 1548 526 1572 ex
550 1535 632 1581 AC,
657 1534 732 1580 CB,
756 1531 963 1586 reelangulo
987 1531 1040 1571 bis
1061 1547 1082 1572 a
1104 1534 1178 1581 BC,
1203 1534 1276 1573 CD
1300 1548 1388 1573 con-

481 1615 593 1642 tento.
1278 1606 1281 1609 ’

552 1671 740 1723 Qoniam
766 1669 862 1708 enim
886 1672 978 1708 reeta
1005 1668 1098 1709 linea
1120 1672 1196 1710 BD
1226 1669 1314 1710 seeta
1336 1670 1386 1709 est

482 1752 663 1793 utcunque
694 1740 731 1778 in
762 1742 896 1792 punem
926 1740 970 1786 C,
1002 1740 1068 1778 erit
1098 1741 1312 1793 quadratum
1343 1753 1387 1778 ex

483 1810 556 1848 BD
581 1807 728 1861 aequale
754 1807 931 1861 quadratis
955 1822 998 1846 ex
1021 1810 1098 1856 BC,
1132 1811 1219 1857 CD,
1251 1820 1285 1847 et
1311 1822 1386 1847 rec·
1433 1844 1471 1887 B
1678 1845 1714 1887 C
1848 1844 1896 1888 D

483 1963 593 1987 mune
617 1958 819 2001 apponatur
842 1945 1058 1998 quadratum
1083 1961 1127 1985 ex
1151 1949 1251 1993 DA;
1288 1944 1461 1999 quadrata
1483 1946 1589 2000 igitur
1612 1961 1656 1986 ex
1679 1948 1761 1993 BD,
1786 1947 1863 1986 DA
1887 1960 1949 1987 ae-

483 2016 598 2069 quafia
621 2015 699 2055 sunt
722 2028 756 2055 et
780 2015 956 2068 quadratis
980 2030 1024 2054 ex
1048 2017 1121 2063 BC,
1146 2018 1229 2063 CD,
1251 2016 1340 2063 DA,
1365 2026 1400 2053 et
1423 2014 1627 2069 restangulo
1651 2014 1704 2055 bis
1727 2030 1747 2055 a
1770 2017 1845 2062 BC,
1869 2017 1951 2055 CD-

484 2096 668 2124 contenta
711 2083 768 2124 sed
793 2084 973 2137 quadratis
998 2085 1143 2137 quidem
1168 2099 1212 2124 ex
1229 2087 1314 2132 BD,
1337 2086 1414 2124 DA
1434 2083 1579 2137 aequale
1597 2085 1647 2123 est
1666 2084 1881 2137 quadratmn
1901 2100 1945 2126 ex

326 2165 353 2187 t·
370 2164 422 2193 47-
443 2156 588 2201 1BAC,
612 2157 724 2192 ree'tus
748 2154 844 2192 enim
870 2154 918 2192 cst
943 2152 1091 2206 angulus
1115 2155 1158 2193 ad
1186 2156 1225 2193 D
1234 2172 1243 2201 ,·
1279 2152 1458 2207 quadratis
1483 2167 1566 2192 vero
1592 2167 1635 2192 ex
1668 2154 1751 2200 CD,
1784 2155 1862 2192 DA
1885 2169 1944 2194 ae-

483 2221 585 2277 quale
609 2223 657 2262 est
682 2223 893 2277 quadratum
913 2237 956 2261 cx
974 2224 1044 2265 CA
1054 2229 1078 2263 ς.
1123 2224 1352 2277 Qadratum
1375 2222 1480 2277 igitur
1504 2236 1551 2263 ex
1571 2224 1641 2266 BA
1667 2220 1813 2277 aequale
1836 2223 1885 2262 est
1909 2236 1946 2264 et

1764 2291 1942 2345 quadratis
