2111 2755
500 199 789 249 LIBER
849 199 1288 251 TERTIUS.
1771 227 1832 276 73

233 295 341 334 COR.
363 295 423 334 Ex
440 294 510 335 hoc
529 291 752 333 manifestum
773 295 832 342 est,
852 294 878 333 fi
895 295 933 334 in
951 293 1085 335 circulo
1103 297 1194 335 recta
1213 293 1316 343 linea,
1336 299 1466 335 rectam
1484 296 1613 339 lineam

168 360 331 402 bifariam
354 364 453 404 etad
477 361 625 416 angulos
649 365 760 401 rectos
784 360 883 411 secet,
907 364 945 402 in
968 361 1106 403 secante
1129 364 1195 404 erit
1212 375 1375 409 centrum
1394 365 1522 406 circuli.

599 474 772 512 PROP.
809 475 858 512 ΙΙ.
930 474 1171 514 THEOR.

170 561 263 664 SI
288 561 334 607 in
355 557 717 607 circumferentia
741 556 895 603 circuli
920 559 1012 604 duo
1049 560 1226 621 quaevis
1251 565 1414 622 puncia
1437 563 1609 612 suman-

278 645 365 685 tur,
402 644 516 690 quae
551 626 641 688 ipsa
677 625 914 691 conjungit
949 628 1065 673 recta
1100 627 1220 674 linea
1255 629 1372 677 intra
1397 633 1610 681 circulum

276 697 422 744 cadet.

230 840 282 880 Sit
304 837 454 878 circulus
477 839 590 885 ABG,
615 849 649 876 et
672 838 708 876 in
733 835 1017 877 circumferentia
1040 837 1146 891 ipsius
1165 837 1350 879 sumantur
1375 841 1449 880 duo
1473 844 1611 895 quaevis

160 911 291 963 puncta
310 910 359 955 A,
376 909 425 954 B3
466 906 547 946 dico
571 909 703 945 rectam
729 905 859 945 lincam
882 921 902 944 a
925 909 1060 959 puncto
1087 909 1126 946 A
1146 907 1190 946 ad
1210 910 1238 947 B
1259 909 1412 958 ductam,
1437 911 1528 951 intra
1547 913 1611 951 cir-

159 976 279 1017 culum
304 975 440 1016 cadere.

229 1048 319 1085 Non
343 1045 451 1091 enim,
475 1041 533 1082 sed
558 1043 584 1083 si
608 1044 683 1083 fieri
704 1043 819 1098 potest
843 1043 944 1083 cadat
967 1055 1063 1083 extra
1086 1055 1125 1082 ut
1147 1046 1274 1094 AEB;
1311 1058 1346 1085 et
1368 1045 1521 1087 sumatur
1543 1049 1609 1088 cir-

159 1112 228 1154 culi
250 1114 352 1153 ABC
375 1117 571 1160 centrum²‚
604 1124 638 1151 et
661 1111 703 1151 fit
728 1114 779 1159 D,
811 1113 1077 1165 jungamurque
1096 1114 1187 1160 AD,
1361 1124 1402 1166 C
1620 1128 1729 1161 a.1.3.

159 1184 242 1230 DB,
266 1192 500 1233 occurratque
523 1183 600 1220 DE
624 1178 927 1220 circumferentiae
947 1182 983 1219 in
1001 1182 1043 1219 F.
1082 1181 1188 1233 Qo-

159 1251 257 1290 niam
281 1250 383 1303 igitur
407 1251 485 1288 DA
509 1250 557 1287 est
581 1247 735 1301 aequalis
766 1250 848 1296 DB,
886 1249 950 1288 erit
980 1260 1014 1288 et
1039 1247 1186 1302 angulus

158 1320 274 1358 DAB
295 1314 448 1369 aequalis
467 1312 485 1339 b
503 1315 636 1369 angulo
660 1318 772 1355 DBA
782 1334 792 1362 3
829 1328 863 1355 et
881 1317 1054 1369 quoniam
1079 1318 1186 1355 trian—
1585 1300 1587 1307 ‚
1619 1318 1646 1347 b.
1666 1326 1694 1357 5·
1713 1326 1738 1348 ¹·

156 1385 229 1441 guli
253 1387 366 1425 DAE
390 1399 503 1424 unum
534 1383 624 1424 latus
647 1386 752 1424 ΑΕΒ
783 1384 998 1437 producitur,
1029 1385 1093 1423 erit
1123 1398 1186 1423 an-
1299 1358 1519 1483 Δ

157 1453 257 1509 gulus
280 1455 387 1492 DEB
413 1451 544 1507 angulo
564 1455 678 1493 DAE
702 1453 858 1506 maj0r⁰;
895 1451 1043 1506 angulus
1066 1465 1185 1492 autem
1257 1455 1259 1459 ’
1617 1463 1642 1481 0-
1664 1452 1710 1482 16·
1733 1461 1762 1483 1·

158 1524 272 1562 DAE
291 1520 443 1574 aequalis
462 1522 510 1560 est
529 1520 659 1575 angulo
678 1522 796 1568 DBE,
812 1535 897 1574 ergo
911 1523 1019 1560 DEB
1037 1520 1186 1575 angulus
1246 1501 1304 1544 A
1392 1497 1430 1553 Ε
1513 1493 1556 1541 B

156 1588 290 1645 angulo
317 1591 420 1628 DBE
445 1590 492 1627 est
515 1590 640 1642 major.
699 1588 757 1628 sed
782 1590 907 1642 majori
931 1588 1066 1643 angulo
1089 1590 1201 1643 majua
1224 1588 1314 1628 latus
1338 1585 1751 1637 subtenditurd3d.19.1.

156 1659 272 1712 major
296 1657 398 1710 igitur
422 1658 470 1696 est
494 1659 564 1696 DB
589 1654 659 1710 ipsa
682 1659 768 1695 DE.
821 1656 973 1709 aequalis
995 1670 1114 1696 autem
1138 1658 1186 1695 est
1212 1660 1283 1695 DB
1307 1657 1370 1710 ipfi
1395 1661 1485 1704 DF;
1521 1673 1606 1712 crgo

158 1729 231 1766 DF
256 1727 303 1764 est
327 1726 443 1778 major
467 1727 554 1772 DE,
577 1726 699 1763 minor
722 1724 871 1777 majore,
895 1725 992 1777 quod
1017 1725 1091 1764 fieri
1114 1726 1191 1764 non
1215 1726 1337 1777 potest.
1380 1729 1473 1765 resta
1497 1728 1604 1780 igitur

155 1794 247 1834 linea
271 1808 291 1832 a
315 1797 446 1845 puncto
470 1796 506 1832 A
530 1794 631 1832 ducta
649 1792 693 1831 ad
711 1795 742 1831 Β
760 1806 836 1831 non
855 1793 957 1831 cadet
976 1805 1072 1832 extra
1094 1791 1275 1832 circulum.
1312 1794 1467 1834 similiter
1484 1796 1601 1834 osten-

157 1863 280 1901 demus
306 1875 421 1913 neque
445 1862 481 1899 in
505 1860 614 1914 ipsam
638 1861 762 1900 cadere
784 1859 1118 1903 circumferentiam.
1168 1861 1270 1901 cadet
1293 1863 1396 1917 igitur
1419 1864 1523 1903 intus.
1573 1862 1599 1902 {i

155 1931 258 1985 igitur
281 1931 318 1969 in
341 1927 622 1970 circumferentia
647 1929 717 1970 &c.
765 1929 823 1982 Q
840 1931 886 1969 E.
914 1932 965 1969 D.

853 2136 890 2173 K
1095 2195 1100 2196 γ
1327 2137 1490 2176 PROP.
1528 2138 1596 2175 ΠΙ.
