2111 2755
638 189 690 237 N
759 186 806 238 Ο
877 184 929 238 T
997 183 1046 238 Α
1114 189 1168 238 E.

593 324 766 364 PRoP.
803 323 925 363 xxv.
984 325 1095 363 Lm.
1134 323 1204 363 VI.

242 413 400 468 Liquido
423 425 519 468 patet
537 413 875 454 demonstrationem
898 414 1004 468 hujus
1034 429 1143 468 quam
1162 411 1330 453 Euclides
1361 413 1504 456 dederat
1526 418 1623 459 vitia-

167 497 245 525 tam
270 482 370 523 fuiffe
400 482 446 523 ab
470 482 620 523 Editore
654 483 813 535 quodam
839 483 1069 523 Geometriae
1101 483 1218 522 minus
1249 483 1372 536 perito.
1430 485 1624 539 postquam

171 552 271 593 enim
292 551 494 592 ostenderat
525 555 548 574 “
571 563 612 590 ut
634 550 854 590 restilineum
877 553 979 591 ABC
1000 551 1044 590 ad
1068 550 1286 591 reffilineum
1311 554 1445 600 KGH,
1477 553 1528 593 ita
1552 555 1620 594 BE

166 619 579 675 “parallelogrammum
605 619 650 659 ad
671 617 1042 673 parallelogrammum
1065 621 1133 658 EF
1142 619 1160 633 ’'
1185 634 1275 673 opus
1294 618 1362 660 fuit
1392 619 1620 663 solummodo

169 689 309 735 addere,
340 693 363 711 “
382 689 430 727 est
453 699 571 727 autem
590 687 809 727 reftilineum
823 689 922 727 ABC
943 687 1091 741 aequale
1109 686 1443 742 parallelogrammo
1459 691 1538 738 BE,
1563 696 1620 731 ae·

167 761 193 782 “
215 755 323 810 quale
357 756 463 809 igitur
494 756 542 794 est
572 756 693 794 KGH
723 753 940 794 restssineum
968 754 1307 809 parallelogrammo
1339 759 1424 804 EF;
1460 758 1619 799 videlicet

166 828 191 848 “
214 837 278 876 per
301 825 410 875 Prop.
445 836 515 874 14.
546 821 629 862 Lib.
656 823 719 872 5.’'
778 820 837 862 sed
865 823 956 862 inter
986 822 1049 861 has
1079 822 1165 862 duas
1194 822 1377 864 sententias
1408 825 1616 879 interposuit

165 896 190 915 “
214 905 320 945 quare
350 890 589 943 permutando
616 902 655 930 ut
685 892 785 930 ABC
814 890 1031 930 rectilineum
1062 891 1107 930 ad
1137 890 1511 945 parallelogrammum
1534 897 1615 943 BE,

163 964 190 983 ⁴*
213 960 262 999 ita
284 957 499 999 rerfflineum
518 960 638 998 KGH
657 959 702 998 ad
721 961 789 998 EF
808 957 1207 1013 parallelogrammum”
1241 961 1376 1012 putavit
1393 958 1518 1001 scilicet
1535 976 1614 1004 non

162 1040 238 1068 tam
262 1025 480 1082 perspicuum
493 1025 563 1066 effe
572 1026 789 1067 concludere
801 1025 989 1067 seetmdam
1008 1039 1159 1081 quatuor
1172 1027 1493 1081 proportionalium
1511 1043 1615 1082 quar-

161 1108 219 1136 tae
242 1094 429 1149 aequalem
453 1093 534 1143 effe,
570 1110 614 1135 ex
636 1095 842 1149 aequalitate
866 1097 1000 1150 primae
1025 1108 1062 1135 et
1092 1097 1224 1143 tertiae,
1260 1097 1360 1149 quod
1383 1097 1528 1150 quidem
1553 1099 1614 1139 de-

162 1165 395 1205 monstratum
419 1165 469 1203 est
492 1165 529 1204 in
553 1165 659 1218 Prop.
694 1177 764 1216 14.
789 1164 871 1204 Lib.
897 1177 935 1214 5.
959 1177 1068 1218 quam
1091 1163 1306 1204 concludere
1330 1166 1466 1205 tertiam
1484 1180 1612 1220 aequa-¹

163 1231 235 1273 lem
261 1230 329 1271 effe
352 1244 509 1284 quartae,
540 1247 584 1272 ex
607 1231 817 1286 aequalitate
846 1233 982 1286 primae
1006 1244 1042 1272 et
1065 1231 1248 1281 secundae,
1271 1234 1370 1286 quod
1389 1233 1549 1287 nuspiam
1573 1236 1612 1275 in

161 1299 360 1341 Elementis
383 1314 475 1353 quae
493 1301 571 1353 jam
594 1300 770 1339 habemus
791 1299 968 1340 ostensum
992 1301 1053 1342 est.
1097 1315 1220 1340 verum
1239 1302 1399 1353 quamvis
1414 1302 1504 1341 haec
1523 1305 1612 1342 Pro-

159 1368 299 1422 positio,
325 1368 464 1406 tertiam
489 1366 617 1407 scilicet
640 1380 793 1421 quatuor
815 1367 1138 1421 proportionalium
1163 1367 1348 1421 aequalem
1367 1366 1435 1408 effe
1453 1381 1610 1422 quartae,

160 1436 188 1477 {i
212 1436 328 1489 prima
352 1434 505 1488 aequalis
529 1434 636 1475 fuerit
658 1434 841 1483 secundae,
867 1434 983 1476 fuisset
1007 1435 1054 1476 ab
1074 1434 1225 1475 Euclide
1243 1434 1442 1475 Elementis
1464 1435 1532 1476 suis
1554 1438 1610 1478 in-

159 1504 260 1551 serta,
283 1514 322 1542 ut
344 1501 526 1542 verisimile
548 1504 597 1543 est
620 1517 699 1543 eam
717 1501 831 1551 fuiffe,
861 1517 1048 1557 nunquam
1071 1515 1192 1543 tamen
1210 1502 1268 1543 ille
1286 1505 1323 1543 in
1343 1502 1515 1557 praesenti
1530 1504 1611 1547 casu

158 1572 290 1612 eadem
313 1570 393 1610 usus
416 1569 549 1618 fuiffet3
580 1572 763 1625 quoniam,
787 1583 826 1611 ut
845 1572 975 1611 dietum
994 1570 1072 1620 fuit,
1095 1571 1169 1611 fine
1193 1571 1416 1612 redundante
1438 1572 1508 1613 hac
1530 1586 1609 1626 per-

157 1640 356 1681 mutatione
381 1639 704 1692 proportionalium
729 1638 909 1680 conclusio
936 1639 1062 1680 eadem
1082 1639 1210 1679 diret‘te
1235 1638 1313 1680 elici
1337 1641 1462 1694 potest.
1515 1641 1606 1682 haec

159 1720 278 1749 autern
301 1705 410 1747 fufius
433 1708 662 1755 ostendimus,
689 1721 767 1748 tum
792 1709 964 1762 quoniam
987 1721 1123 1748 certum
1145 1707 1316 1762 praebent
1338 1709 1509 1749 indicium
1532 1722 1608 1750 tex-

156 1789 236 1817 tum
260 1775 420 1817 Euclidis
436 1777 593 1816 vitiatum
612 1775 726 1825 fuiffe,
750 1777 845 1816 idem
868 1778 965 1816 enim
988 1791 1084 1817 error
1102 1778 1277 1817 invenitur
1294 1778 1332 1817 in
1350 1788 1448 1817 textu
1462 1779 1608 1819 Graeco

157 1848 266 1899 Prop.
294 1857 317 1883 2
330 1858 370 1895 3.
395 1843 477 1884 Lib.
511 1858 524 1884 1
546 1859 580 1884 1.
607 1845 672 1893 bis,
696 1857 731 1885 et
753 1844 806 1884 bis
831 1846 868 1885 in
891 1847 997 1899 Prop.
1027 1859 1068 1885 2.
1092 1845 1176 1885 Lib.
1210 1858 1224 1885 1
1240 1859 1281 1885 2.
1307 1857 1342 1886 et
1360 1846 1398 1885 in
1415 1848 1547 1901 Propp.
1566 1859 1606 1897 5.

167 1926 181 1954 1
203 1927 216 1953 1
230 1943 239 1952 .
273 1927 287 1952 1
302 1926 343 1952 2.
377 1926 390 1952 1
407 1913 448 1952 8.
472 1913 644 1967 ejusdem;
679 1914 716 1953 in
742 1913 868 1967 quibus
881 1913 982 1954 Libri
1010 1926 1072 1954 12.
1093 1912 1178 1954 locis
1196 1927 1343 1968 excepto
1360 1913 1496 1964 ultimo,
1514 1919 1607 1956 reete

157 1979 284 2022 omiffa
313 1982 363 2021 est
392 1981 480 2021 haec
511 1983 725 2035 permutatio
755 1982 1074 2036 proportionalium
1099 1983 1137 2021 in
1159 1982 1326 2022 verfionis
1348 1984 1606 2024 Commandini

157 2051 331 2091 Editione
354 2049 571 2097 Oxoniensi;
605 2063 681 2090 tum
704 2062 744 2090 ut
767 2062 913 2090 caveant
938 2053 1155 2091 Geometrae
1178 2050 1225 2090 ab
1249 2049 1314 2090 usu
1336 2053 1607 2105 permutationis

155 2119 195 2158 in
218 2117 318 2158 simili
342 2117 432 2165 casu,
456 2132 532 2159 non
556 2133 635 2158 raro
658 2119 755 2158 enim
780 2120 1023 2167 Recentiores,
1048 2131 1083 2159 et
1106 2120 1196 2159 inter
1219 2118 1304 2159 alios
1321 2118 1391 2174 ipse
1408 2122 1605 2160 Comman-

156 2186 261 2228 dinus
284 2187 321 2227 'm
344 2187 617 2227 Commentario
639 2187 685 2227 ad
708 2189 816 2239 Prop.
841 2199 878 2235 5.
904 2186 987 2226 Lib.
1019 2201 1058 2238 3.
1083 2202 1163 2243 pag.
1193 2187 1232 2227 6.
1258 2187 1294 2229 b.
1319 2189 1430 2243 Pappi
1447 2187 1606 2229 Alexan-

776 2257 808 2294 B
833 2254 857 2294 b
881 2254 905 2294 b
943 2267 968 2294 2
1499 2257 1600 2304 drini,

1759 210 1854 263 379
