2111 2755
275 219 366 269 352

951 196 1487 248 NOTAE.

912 333 1084 373 PROP.
1119 334 1241 374 XXV.
1311 335 1423 374 LIB.
1459 336 1529 376 III.

562 429 667 470 Haec
691 423 796 467 divisa
819 425 869 465 est
892 425 930 465 in
956 437 1024 466 tres
1047 424 1157 476 casus,
1189 440 1346 480 quorum
1371 427 1444 467 duo
1475 428 1628 469 eandem
1661 430 1958 474 constructionem

493 511 530 541 ct
547 496 892 540 demonstrationem
911 494 1048 536 habent
1055 514 1066 545 ;
1102 511 1183 536 eam
1201 496 1307 551 igitur
1325 496 1363 536 in
1387 496 1472 537 duas
1496 510 1637 539 tantum
1662 499 1851 541 divifimus.

885 611 1061 650 PROP.
1098 611 1280 650 XXXIII.
1352 611 1462 650 LIB.
1500 613 1570 652 III.

564 706 617 746 Et
639 702 841 758 Propofitio
863 702 953 743 haec
970 704 1008 743 in
1033 714 1132 743 textu
1148 705 1295 743 Graeco
1319 703 1424 744 divisa
1449 704 1497 744 est
1521 705 1558 744 in
1584 716 1651 745 tres
1675 704 1782 754 casus,
1807 704 1962 762 quorum

495 775 583 824 duo,
606 775 634 814 is
658 772 785 813 sefflcet
807 773 845 812 in
870 787 944 826 quo
968 770 1119 828 angulus
1144 772 1244 812 datus
1268 774 1317 812 est
1340 785 1472 821 acutus,
1503 785 1539 813 et
1561 774 1589 813 is
1612 776 1650 814 in
1675 790 1750 829 quo
1780 777 1829 816 est
1855 776 1963 817 obtu-

495 843 563 893 sus,
598 842 754 884 eandem
776 842 929 881 omnino
953 854 987 882 et
1021 842 1322 882 construetionem
1357 855 1393 882 et
1428 839 1770 884 demonstrationem
1806 845 1966 895 habent;

497 913 662 955 ultimam
687 912 790 966 igitur
813 910 1159 951 demonstrationem
1182 922 1356 965 tanquam
1379 909 1604 965 superfluam,
1629 924 1663 952 et
1680 914 1832 967 imperiti
1851 914 1963 970 cujus-

495 983 580 1023 dam
604 981 902 1029 additamentum‚
933 995 978 1020 ex
1001 979 1204 1020 Elementis
1235 978 1442 1020 sustulimus.
1502 983 1687 1022 Praeterea
1711 983 1965 1024 demonstratio

497 1051 595 1092 casus
618 1052 656 1090 in
680 1064 756 1104 quo
779 1047 929 1104 angulus
954 1050 1055 1090 datus
1086 1050 1135 1089 est
1164 1053 1289 1099 rectus,
1324 1048 1445 1090 inscite
1479 1065 1542 1104 per
1573 1050 1741 1106 ambages
1776 1051 1869 1093 facta
1899 1055 1961 1101 est,

498 1135 609 1177 quam
633 1131 822 1176 propterea
845 1119 883 1159 in
907 1118 1172 1173 simpliciorem,
1196 1135 1280 1160 cum
1303 1118 1442 1169 Clavio,
1468 1121 1694 1161 mutavimus.

901 1234 1071 1274 PROP.
1107 1232 1272 1273 XXXV.
1344 1234 1451 1273 LIB.
1489 1235 1558 1274 III.

567 1330 621 1368 Ut
642 1325 847 1381 Propofitio
871 1339 893 1364 2
901 1339 938 1375 5.
962 1339 996 1366 et
1020 1340 1040 1376 3
1055 1339 1095 1376 3.
1116 1327 1153 1366 in
1176 1325 1307 1381 plures,
1330 1327 1376 1367 sic
1394 1327 1485 1367 haec
1511 1339 1531 1375 3
1539 1338 1576 1376 5.
1603 1327 1641 1367 in
1664 1327 1847 1381 pauciores
1868 1326 1966 1369 casus

498 1412 611 1452 quam
631 1396 789 1450 oportuit
814 1394 988 1434 dividitur.
1039 1411 1160 1449 neque
1177 1397 1377 1449 putandum
1396 1397 1445 1436 est
1462 1395 1653 1435 Euclidem
1671 1411 1732 1436 eos
1750 1410 1896 1452 propter
1914 1397 1967 1452 ip-

480 1458 618 1506 'sorum
642 1463 905 1517 simplicitatem
929 1462 1102 1511 omifflsoe
1127 1464 1225 1504 dedit
1243 1466 1340 1504 enim
1363 1465 1529 1504 omnium
1555 1462 1785 1514 facillimum,
1804 1482 1888 1506 eum
1906 1465 1967 1508 sci-

500 1535 581 1576 licet
605 1534 643 1574 in
666 1547 741 1587 quo
765 1544 914 1585 utraque
937 1537 1031 1572 recta
1055 1547 1118 1586 per
1135 1545 1298 1572 centrum
1313 1533 1444 1573 transit.
1483 1533 1568 1572 etin
1585 1530 1751 1588 sequente
1762 1537 1870 1590 Prop.
1891 1549 1911 1586 3
1925 1535 1966 1576 6.

501 1603 685 1658 separatim
710 1602 929 1642 demonstrat
950 1600 1069 1642 casum
1090 1602 1127 1641 in
1153 1617 1226 1655 quo
1250 1606 1343 1642 recta
1368 1601 1490 1642 tranfit
1513 1617 1576 1656 per
1594 1616 1769 1644 centrum.
1826 1605 1967 1646 Theon

502 1675 619 1728 igitur,
644 1684 684 1712 ut
706 1669 854 1719 videtur,
879 1686 941 1711 eos
965 1670 1141 1711 brevitatis
1160 1672 1276 1732 ¹gratia
1299 1670 1441 1720 sustulit,
1471 1672 1572 1727 quod
1596 1673 1746 1713 minime
1770 1674 1808 1713 in
1832 1674 1967 1715 institu-

466 1744 469 1747 “
502 1744 602 1783 tione
626 1741 835 1782 elementari
859 1738 1079 1790 faciendum,
1114 1753 1155 1780 ut
1177 1754 1280 1781 antea
1304 1742 1499 1781 monitum.
1548 1741 1659 1783 Casus
1682 1743 1787 1798 Igitur
1810 1742 1966 1793 omissos,

502 1827 596 1868 quos
619 1824 655 1853 et
678 1810 851 1866 praebent
873 1809 1049 1850 versiones
1072 1825 1116 1851 ex
1139 1810 1314 1860 Arabico,
1340 1812 1450 1851 additi
1473 1809 1565 1851 sunt.

876 1924 1050 1964 PROP.
1088 1924 1290 1965 XXXVII.
1366 1926 1479 1964 LIB.
1517 1926 1586 1964 III.

572 2018 698 2059 Verba
721 2019 767 2059 ad
786 2019 897 2059 finem
921 2017 1038 2072 hujus,
1062 2017 1129 2056 viz.
1157 2022 1181 2040 “
1196 2016 1352 2058 similiter
1377 2017 1677 2058 demonstrabitur
1695 2030 1730 2058 et
1753 2017 1779 2058 si
1803 2031 1966 2061 centrum

503 2091 526 2111 ‘⁶
551 2086 594 2129 fit
615 2089 654 2129 in
670 2089 768 2130 AC’'
805 2087 919 2130 deleta
943 2085 1033 2138 sunt,
1057 2098 1183 2142 utpote
1206 2085 1325 2128 inscite
1349 2102 1370 2127 a
1394 2088 1553 2142 quodam
1577 2088 1728 2128 Editore
1752 2089 1887 2130 addita.

1903 2297 1966 2338 Ad
