2111 2755
422 185 707 237 LIBER
765 178 1432 232 DUODECIMUS.
1768 198 1862 247 3²5

709 317 1009 357 LEMMA
1057 316 1106 354 ΙΙ.

180 407 275 510 SI
299 406 391 453 duo
418 404 613 468 trapezia
638 412 790 455 ABCD,
814 409 964 447 EFGH
989 399 1198 463 inscripta
1220 398 1308 448 sint
1326 398 1502 447 circulis
1523 417 1634 463 quo-

294 492 396 522 rum
422 489 573 521 centra
599 482 635 518 K
672 481 704 517 L
730 473 903 534 punssta,
930 470 1098 516 fuerint
1124 485 1280 517 autem
1306 470 1444 516 latera
1464 476 1541 522 AB,
1562 477 1634 514 DC

177 560 231 593 ut
255 560 301 592 et
325 553 402 597 EF,
430 552 511 588 HG
543 541 771 605 parallela3
806 539 977 601 reliqua
1014 554 1168 584 autem
1206 555 1414 614 quatuor·
1433 545 1523 589 AD
1555 545 1632 591 BC,

175 623 267 670 EH,
293 622 362 658 FG
383 612 500 658 inter
522 612 566 658 se
591 609 815 676 aequalia3
851 606 905 653 fit
925 621 1079 653 autem
1099 614 1166 649 AB
1189 606 1306 653 latus
1328 607 1472 672 majus
1493 605 1632 653 latere

176 691 255 729 EF
281 697 327 729 et
353 689 424 726 DC
450 681 594 745 majus
620 688 714 724 HG.
753 678 836 724 erit
855 678 970 722 reela
985 684 1063 720 KA
1086 692 1201 737 quae
1221 675 1281 721 est
1300 692 1354 721 ex
1375 693 1530 721 centro
1552 675 1633 721 cir-

177 751 302 800 culi
292 769 338 796 1n
365 767 456 811 quo
481 748 651 813 majora
686 747 788 793 sunt
822 746 975 800 latera,
1012 743 1158 809 major
1182 762 1233 790 ea
1257 752 1328 789 LE
1354 762 1469 807 quae
1493 743 1554 790 est
1578 760 1633 790 ex

169 834 333 876 „centro
359 816 540 865 alterius
567 814 735 863 circuli.

246 966 335 1002 Non
360 962 469 1008 enim,
494 959 520 998 fi
547 960 622 998 fieri
647 959 770 1012 potest,
797 956 838 996 fit
862 958 938 996 KA
962 956 1077 1009 major
1101 958 1191 994 reela
1216 957 1303 1002 LE;
1340 956 1404 995 erit
1427 955 1532 1010 igitur
1557 957 1636 996 KA

175 1030 231 1071 vel
255 1028 409 1083 aequalis
433 1029 495 1082 ipsi
521 1030 588 1066 LE
620 1026 674 1066 vel
701 1027 819 1065 minor
843 1026 983 1064 effidem.
1044 1024 1085 1064 sit
1116 1024 1233 1077 prirno
1258 1026 1338 1063 KA
1372 1024 1528 1078 aequalis
1552 1027 1633 1064 LE.

175 1101 346 1154 quoniam
371 1099 475 1153 igitur
498 1098 534 1136 in
560 1095 765 1150 aequalibus
788 1094 924 1134 circulis
944 1098 1055 1133 reciae
1073 1095 1163 1139 AD,
1185 1095 1249 1132 BC
1274 1092 1437 1146 aequales
1455 1091 1534 1132 suut
1555 1092 1633 1146 ipsis

176 1171 266 1216 EH,
289 1170 376 1214 FG,
402 1179 504 1207 erunt
527 1163 833 1206 circumferentiae
852 1166 943 1211 AD,
965 1165 1028 1202 BC
1048 1160 1213 1215 aequales
1236 1161 1526 1202 circumferentiis
1544 1163 1633 1209 EH,

176 1239 249 1278 FG
261 1244 292 1286 ²¹5
330 1236 501 1291 quoniam
523 1248 608 1275 vero
631 1239 742 1274 reciae
755 1235 834 1281 AB,
853 1234 925 1273 DC
943 1233 1093 1286 majores
1110 1230 1188 1270 sunt
1211 1231 1291 1285 ipfis
1310 1234 1390 1280 EF,
1408 1234 1502 1282 HG,
1526 1230 1634 1272 altera
1650 1246 1676 1268 a.
1690 1237 1739 1268 28.
1754 1244 1784 1276 3.

181 1926 302 1974 altera,
324 1937 426 1965 erunt
444 1921 746 1964 circumferentiae
758 1924 836 1965 AB.
854 1923 926 1962 DC
941 1922 1091 1975 majores
1110 1918 1189 1972 ipsis
1203 1921 1282 1966 EF,
1303 1920 1397 1959 HG.
1440 1919 1540 1977 Ergo
1559 1934 1634 1965 tota

180 1997 325 2036 ABCD
355 1991 640 2033 circumferentia
673 1994 788 2046 major
812 1993 859 2031 est
884 2003 958 2030 tota
985 1991 1154 2035 EFGH;
1191 1988 1248 2028 sed
1272 2000 1306 2028 et
1330 1985 1495 2042 aequalis,
1536 1993 1637 2045 quod

180 2065 256 2107 fieri
281 2078 356 2103 non
381 2063 506 2115 potest.
544 2076 620 2100 non
645 2063 749 2115 igitur
773 2065 862 2100 reeta
887 2062 964 2099 KA
989 2056 1143 2111 aequalis
1168 2059 1216 2096 est
1240 2057 1302 2110 ipsi
1327 2060 1410 2097 LE.

251 2132 321 2173 Sed
345 2131 387 2170 fit
406 2133 482 2170 ΚΑ
505 2131 622 2168 minor
647 2133 726 2176 LE,
753 2141 788 2168 et
811 2128 873 2182 ipsi
898 2130 974 2167 KA
999 2126 1151 2179 aequalis
1175 2139 1328 2179 ponatur
1347 2129 1438 2173 LM,
1460 2140 1494 2167 et
1513 2139 1636 2166 centro

184 2207 230 2253 L,
264 2199 450 2244 intervallo
473 2202 555 2241 LM
587 2199 798 2240 describatur
830 2197 979 2238 circulus
1002 2197 1171 2242 MNOP,
1210 2197 1272 2250 qui
1291 2196 1422 2250 junclis
1447 2198 1523 2243 LF,
1550 2197 1636 2243 LG,

1552 2266 1639 2312 LH,
