2111 2755
550 206 836 257 LIBER
892 204 1260 255 PRIMUS.
1789 221 1851 273 35

246 304 434 360 Qoniam
458 304 564 358 igitur
595 304 633 343 in
659 302 746 342 duas
778 303 884 341 reelas
909 297 1018 340 lineas
1042 302 1116 349 BC,
1142 303 1209 341 EF
1234 303 1324 341 seua
1347 297 1440 339 linea
1467 300 1550 340 AD
1572 302 1626 340 in-

174 377 295 417 cidens
318 374 471 415 alternos
502 370 650 426 angulos
678 372 810 418 EAD,
834 370 947 409 ADC
965 369 1057 410 inter
1080 368 1113 409 se
1138 368 1302 424 aequales
1327 369 1447 417 efficit,
1471 370 1538 409 EF
1561 369 1623 422 ipsi

172 447 233 485 BC
258 441 421 498 parallela
441 442 505 480 erit
515 437 542 479 b.
578 442 645 479 Per
665 439 788 478 datum
808 439 914 491 igitur
937 442 1107 491 puncium
1125 441 1161 478 A
1181 439 1284 479 datae
1304 441 1415 478 reftae
1434 436 1548 478 lineae
1560 440 1621 479 BC
1636 455 1664 485 b.
1680 464 1728 493 27·
1745 464 1774 486 1.

171 512 342 567 parallela
362 511 464 550 dueta
482 510 530 549 est
554 511 645 547 reela
669 506 761 545 linea
785 508 901 545 EAF.
961 506 1018 558 Q
1037 508 1085 547 Ε.
1112 510 1152 546 F,

556 660 726 699 PROP.
764 659 923 697 XXXII.
997 659 1235 698 THEOR.

169 770 457 875 OMNIS
489 767 717 831 trianguli,
756 783 847 813 uno
879 763 1018 814 latere
1050 767 1284 829 precinere,
1320 767 1516 815 exterior
1547 786 1623 816 an-

309 840 441 905 gulus
474 837 650 884 duobus
680 835 964 883 interioribus
997 851 1044 883 et
1075 835 1289 898 oppositis
1317 836 1378 883 est
1404 837 1622 900 aequalis;

168 925 214 957 et
237 907 452 974 trianguli
486 922 572 955 tres
603 905 833 953 interiores
865 904 1020 970 anguli
1046 905 1222 953 duobus
1254 906 1380 953 rectis
1414 905 1622 970 aequales

166 980 283 1027 sunt.

235 1122 288 1161 Sit
320 1118 538 1174 trIangulum
563 1119 682 1165 ABC3
717 1130 752 1157 et
774 1131 889 1157 unum
913 1115 1019 1170 ipfius
1050 1115 1141 1156 latus
1164 1117 1226 1155 BC
1257 1117 1296 1155 in
1319 1119 1359 1156 D
1389 1117 1618 1170 producatur.
1678 1134 1681 1137 ’

152 1191 251 1230 ’ἀίεο
275 1187 448 1243 angulum
471 1188 682 1228 exteriorem
709 1188 821 1226 ACD
845 1185 986 1225 duobus
1010 1183 1236 1225 interioribus
1259 1197 1295 1224 et
1317 1186 1486 1239 oppositis
1505 1187 1618 1234 ΕΑΒ,

168 1260 269 1299 ABC
292 1256 478 1310 aequalem
503 1254 571 1295 effe
585 1273 595 1303 ;
631 1266 666 1294 et
689 1253 851 1308 trianguli
883 1266 951 1294 tres
982 1255 1165 1294 interiores
1194 1253 1345 1308 angulos
1369 1256 1480 1303 ABC,
1504 1255 1619 1302 BCA,

165 1328 271 1366 ΕΑΒ
296 1323 438 1364 duobus
461 1324 560 1364 reffis
583 1321 653 1362 effe
683 1320 856 1375 aequales.

236 1397 400 1434 Ducatur
423 1393 520 1432 enim
539 1405 602 1444 per
625 1394 796 1444 punctum
815 1391 847 1430 C
865 1389 929 1443 ipsi
951 1391 1020 1430 AB
1039 1394 1150 1430 reciae
1170 1389 1284 1430 lineae
1301 1388 1470 1444 parallela
1495 1396 1510 1415 ³
1535 1391 1616 1430 CE.
1629 1407 1655 1429 a.
1673 1406 1766 1439 31.1.

167 1475 203 1504 ct
226 1462 398 1516 quoniam
417 1463 487 1501 AB
510 1459 572 1514 ipsi
594 1461 662 1499 CE
685 1457 850 1512 parallela
874 1460 933 1507 est,
953 1469 989 1498 et
1006 1459 1044 1500 in
1064 1458 1150 1513 ipsas
1169 1459 1292 1500 incidit
1309 1462 1392 1509 AC,
1411 1458 1536 1500 alterni
1554 1474 1619 1500 an-

168 1530 243 1587 guli
265 1531 378 1577 BAC,
401 1531 510 1569 ACE
533 1529 625 1568 inter
649 1526 682 1567 se
700 1526 860 1581 aequales
878 1525 957 1567 sunt
966 1523 994 1566 b.
1626 1533 1655 1563 b.
1675 1541 1725 1573 29.
1743 1533 1774 1564 ι.’

171 1598 287 1640 rursus
311 1598 483 1652 quoniam
504 1598 574 1636 AB
598 1594 762 1649 parallela
785 1597 834 1635 est
857 1597 938 1643 CE,
962 1608 997 1635 et
1266 1607 1313 1648 A

171 1670 209 1709 in
235 1665 322 1721 ipsas
356 1665 479 1704 incidit
502 1668 593 1703 ree‘ta
617 1662 710 1703 linea
736 1665 818 1711 BD,
847 1664 998 1702 exterior
1565 1642 1607 1683 Ε

172 1735 321 1790 angulus
346 1736 455 1774 ECD
480 1732 637 1772 interiori
655 1743 690 1771 et
706 1730 872 1784 opposito
894 1733 996 1770 ΑΒΕ
1129 1734 1173 1842 ί
1333 1727 1355 1839 ἶ
1496 1730 1540 1839 ί

172 1807 221 1846 est
240 1801 392 1856 aequalis
400 1798 428 1841 b.
465 1798 622 1840 ostensus
641 1812 762 1839 autem
781 1800 829 1838 est
848 1797 996 1852 angulus

175 1875 286 1914 ACE
299 1869 450 1924 aequalis
469 1867 598 1923 angulo
612 1869 718 1907 BAC
728 1885 738 1915 3
774 1881 884 1921 quare
903 1878 997 1906 totus
1024 1846 1060 1885 Β
1377 1846 1411 1884 O
1572 1845 1615 1884 D

175 1942 286 1982 ACD
306 1939 457 1979 exoerior
474 1935 621 1991 angulus
640 1935 792 1989 aequalis
805 1936 853 1975 est
866 1934 1006 1974 duobus
1025 1931 1251 1973 interioribus
1270 1944 1305 1971 et
1320 1932 1487 1985 oppositis
1499 1935 1614 1982 CAB,

176 2011 291 2050 ABC.
345 2006 550 2046 communis
571 2016 770 2058 apponatur
796 2005 898 2044 ACB
911 2021 922 2052 ;
958 2001 1077 2058 anguli
1101 2002 1205 2056 igitur
1231 2002 1354 2049 ACD,
1379 2003 1480 2041 ACB
1507 2001 1616 2041 tribus

169 2080 283 2125 CBA,
313 2077 431 2124 BAC,
471 2075 574 2114 ACB
603 2071 766 2126 aequales
790 2071 880 2112 sunt.
934 2071 991 2112 sed
1026 2069 1146 2125 anguli
1168 2071 1296 2117 ACD,
1331 2072 1435 2111 ACB
1459 2068 1536 2110 sunt
1559 2084 1616 2110 ae-

171 2145 288 2200 quales
312 2143 454 2184 duobus
476 2143 615 2189 tensus&
650 2156 736 2195 ergo
760 2153 795 2180 et
818 2143 936 2188 CBA,
971 2142 1092 2187 BAC,
1127 2140 1227 2178 ACB
1251 2138 1389 2178 duobus
1415 2140 1514 2179 reffis
1538 2137 1650 2178 suntc·
1670 2149 1718 2183 13.
1738 2151 1766 2174 x.

140 2258 145 2260 ,
174 2212 344 2268 aequales.
382 2212 513 2252 Omnis
536 2212 639 2265 igitur
665 2208 829 2263 trianguli
854 2223 928 2247 uno
952 2207 1059 2248 latere
1081 2207 1255 2262 produe‘co
1279 2206 1351 2247 ἃς.
1399 2209 1456 2262 Q
1474 2209 1519 2245 E.
1546 2209 1595 2245 D.

850 2279 885 2315 E
925 2289 948 2315 2
1445 2276 1553 2313 COR.
1587 2288 1622 2314 1.
