2111 2755
412 207 693 256 LIBER
752 206 1208 271 QUINTUS.
1655 226 1740 277 173

82 316 190 356 quare
212 301 260 340 est
284 302 307 340 S
328 300 372 340 ad
387 301 436 348 T,
461 312 499 340 ut
517 302 555 338 Y
574 300 618 339 ad
643 315 674 346 a,
701 310 746 345 er,
769 299 986 345 invertendo,
1009 300 1048 339 T
1072 301 1116 339 ad
1140 301 1176 346 S,
1203 311 1244 339 ut
1267 314 1287 339 a
1312 299 1357 339 ad
1379 301 1418 340 Y
1427 318 1437 348 ς
1472 303 1521 342 est

81 382 201 410 autem
219 371 242 408 S
262 369 306 408 ad
325 371 371 416 X,
396 381 435 407 ut
453 371 491 407 Y
509 368 553 406 ad
578 368 619 414 d3
655 382 750 421 ergo,
775 382 818 405 ex
842 367 989 420 aequali,
1014 369 1078 407 erit
1097 369 1135 407 T
1158 368 1273 415 ad‘X‚
1300 381 1339 408 ut
1363 383 1383 408 a
1412 370 1456 409 ad
1482 371 1518 410 d.

82 449 259 491 praeterea
283 438 452 490 quoniam
477 437 524 474 est
542 436 567 474 h
587 436 630 475 ad
650 437 686 481 k,
708 448 746 474 ut
761 433 812 489 (C
832 436 875 474 ad
892 438 942 481 D,
964 436 1035 475 hoc
1054 438 1102 475 est
1120 435 1175 491 ut)
1192 437 1231 476 T
1245 438 1289 476 ad
1301 439 1338 477 V
1345 455 1355 485 3
1378 449 1418 476 ut
1436 453 1520 478 vero

81 507 107 545 k
133 506 176 545 ad
203 505 226 552 l,
255 507 310 560 ita·
325 503 379 558 (E
404 505 447 543 ad
466 506 509 549 F,
530 504 601 542 hoc
625 504 673 542 est
697 502 761 556 ita)
781 504 815 540 V
839 502 884 541 ad
902 505 955 549 X;
991 505 1054 543 erit
1077 520 1121 544 cx
1144 504 1279 558 aequali
1306 506 1331 544 h
1355 505 1399 544 ad
1425 505 1447 552 l,
1479 518 1519 545 ut

83 574 122 613 T
143 574 188 613 ad
206 576 253 612 X.
302 571 455 612 fimiliter
478 571 679 610 ostendetur
704 568 771 608 effe
799 584 838 608 m
863 570 908 608 ad
926 566 969 622 ⁷p,
996 583 1034 609 ut
1058 587 1077 610 a
1098 573 1142 611 ad
1173 573 1208 611 d.
1257 572 1431 613 ostensum
1457 589 1519 614 au-

80 654 153 681 tem
180 641 248 681 fuit
278 640 345 680 effe
376 641 415 678 T
442 640 487 679 ad
517 641 564 685 X,
596 650 635 678 ut
660 653 679 677 a
703 637 748 677 ad
771 637 806 676 d.
857 651 944 691 ergo
971 644 985 661 ³
1008 639 1055 678 est
1086 639 1111 678 h
1142 640 1186 678 ad
1211 639 1234 686 1,
1268 653 1306 679 ut
1336 657 1374 680 m
1406 643 1451 681 ad
1481 658 1515 696 p.
1530 663 1664 696 ²·1¹·5·

14 711 280 760 'QE.D.

146 777 406 830 Propofitiones
425 776 464 813 G
483 785 517 813 et
537 775 574 812 K
592 771 684 825 apud
703 782 831 811 veteres
848 783 882 811 et
900 774 1109 829 reccnfiores
1128 777 1341 815 Geometras
1359 792 1519 831 compre-

77 845 187 885 hendi
212 843 323 883 solent
347 843 384 881 in
410 842 652 881 enuntiatione
677 840 968 892 Propofitionum
992 845 1024 881 F
1050 855 1084 882 et
1108 846 1161 890 H,
1194 842 1368 884 brevitatis
1393 845 1519 887 scilicet

77 913 198 967 gratia.
251 927 324 966 quo
350 923 467 950 autern
495 909 591 949 sensu
620 908 690 948 hoc
717 909 791 948 fieri
817 911 941 961 potest,
976 926 1104 964 operae
1132 913 1284 967 pretium
1308 911 1376 954 fuit
1402 915 1517 954 osten-

80 981 180 1029 dere;
214 979 403 1035 saepisfime
423 981 518 1020 enim
543 994 564 1018 a
589 978 794 1019 Geometris
818 975 1036 1032 usurpantur.

1190 1254 1515 1294 EUCLIDIS
