2111 2755
182 203 281 264 '404

854 191 1393 242 NOTAE.

405 289 504 331 nime
528 282 799 327 concedendum
823 283 890 331 cst;
927 294 1022 322 certe
1046 281 1217 322 Euclides
1242 282 1371 322 harum
1395 282 1686 336 Propositionum
1711 288 1863 340 primam

407 370 442 398 et
466 354 664 395 faciliorem
687 367 764 392 non
783 350 972 405 assumpsit,
991 350 1049 390 sed
1069 352 1320 391 demonstravit
1339 353 1376 391 in
1395 350 1474 391 casu
1493 353 1636 393 rationis
1655 355 1864 409 duplicatae,

406 428 444 466 in
457 428 564 477 Prop.
595 436 617 462 2
631 436 670 462 2.
697 421 780 461 Lib.
804 420 844 460 6.
894 419 960 460 alia
975 421 1079 474 igitur
1094 422 1364 460 Demonstratio
1379 421 1504 461 tradita
1523 421 1571 461 est
1589 421 1707 462 fimilis
1725 425 1755 464 ei
1775 440 1866 478 quae

408 492 562 535 habetur
586 493 623 532 in
648 507 688 531 ea
712 490 978 544 Proposltione,
1004 501 1042 529 ut
1066 488 1208 530 Clavius
1230 491 1328 544 prius
1349 488 1490 530 fecerat.

777 605 948 644 PROP.
986 604 1204 643 XXXVIII.
1279 604 1388 642 LIB.
1426 605 1493 642 XI.

477 700 515 740 Si
539 714 559 739 a
583 701 716 753 puncto
739 699 777 738 in
801 697 909 751 plano
933 696 1054 750 aliquo
1078 696 1178 749 quod
1197 694 1295 735 alteri
1314 694 1428 749 plano
1447 696 1491 735 ad
1510 698 1623 735 rectos
1642 695 1689 735 est
1709 695 1871 751 angulos,

409 769 572 811 ducenda
596 768 648 816 sit,
685 767 730 807 ad
761 766 913 820 planum
940 766 1022 814 hoc,
1059 769 1150 804 reeta
1174 763 1487 819 perpendicularis;
1525 765 1598 813 fiet,
1635 765 1800 805 ducendo
1825 767 1872 807 ad

408 853 645 880 communem
676 835 868 891 planorum
902 834 1091 874 sectionem
1118 833 1445 888 perpendicularem
1476 848 1496 873 a
1527 837 1660 886 puncto
1693 833 1754 874 illo
1763 853 1773 881 ;
1810 836 1874 876 erit

410 909 507 948 enim
530 908 620 948 haee
643 904 940 961 perpendicularis
964 904 1008 943 ad
1028 903 1179 957 planum
1203 902 1412 957 subjectum,
1438 903 1472 942 vi
1492 902 1724 941 Definitionis
1749 916 1792 955 4.
1813 904 1876 943 Li-

409 976 465 1018 bri
488 977 605 1032 huj'US.
653 977 815 1028 ineptum
840 974 938 1014 enim
957 971 1051 1019 effer,
1078 973 1114 1012 ln
1134 972 1205 1012 hoc
1223 970 1315 1020 casu,
1338 972 1389 1011 uti
1407 971 1656 1025 Propofitione
1685 984 1698 1010 1
1720 985 1733 1010 1
1747 977 1789 994 ¹1¹³
1808 973 1876 1012 hu-

247 1060 261 1080 ?
278 1047 474 1102 17:12.jus.
524 1044 583 1084 sed
608 1043 815 1090 Euclides&
843 1041 1064 1096 Apollonius
1088 1040 1218 1095 alinue
1244 1043 1467 1081 Geometrae
1487 1039 1619 1094 jubent
1642 1041 1876 1093 perpendicu-

409 1115 521 1157 larem
549 1113 631 1154 duci
656 1128 676 1152 a
701 1117 834 1168 puncto
859 1112 905 1151 ad
929 1110 1081 1165 planum
1105 1109 1311 1165 subjectum,
1337 1122 1372 1150 et
1394 1108 1620 1149 concludunt
1643 1124 1723 1149 eam
1747 1110 1874 1150 cadere

409 1186 448 1226 in
467 1198 700 1224 communem
724 1182 918 1237 planorum
937 1179 1146 1227 sectionenu
1183 1180 1282 1233 quod
1306 1179 1377 1219 hoc
1402 1178 1496 1218 idem
1521 1177 1563 1217 fit
1585 1192 1626 1217 ac
1650 1177 1676 1217 fi
1695 1179 1875 1232 praedicta

408 1253 670 1294 construetione
689 1264 882 1297 uterentur,
901 1263 936 1291 et
953 1248 1212 1290 concluderent
1230 1252 1361 1288 rectam
1380 1248 1522 1288 ductam
1543 1246 1874 1301 perpendicularem

411 1321 481 1363 effe
505 1323 550 1362 ad
575 1321 721 1375 planum
742 1321 957 1375 subje&um;
993 1318 1119 1372 aliquis
1145 1330 1263 1359 autem
1288 1318 1360 1358 hoc
1384 1332 1461 1357 non
1486 1316 1618 1365 videm,
1653 1318 1789 1370 putavit
1813 1332 1875 1356 ne-

411 1389 591 1431 cessarium
616 1388 717 1429 fuiffe
740 1389 1028 1443 Propofitionem
1057 1387 1151 1429 hanc
1182 1387 1267 1428 huic
1290 1387 1405 1427 Libro
1430 1386 1574 1433 addere,
1608 1386 1706 1439 cujus
1730 1386 1877 1439 quidem

412 1458 534 1499 nullus
553 1459 601 1497 est
621 1457 713 1497 usus.

803 1569 975 1609 PROP.
1012 1568 1191 1608 XXXIX.
1267 1568 1378 1608 LIB.
1415 1568 1483 1606 ΧΓ.

479 1666 526 1704 In
550 1663 618 1703 hac
643 1666 755 1702 reetae
779 1660 893 1702 lineae
917 1676 1008 1715 quae
1027 1659 1194 1701 bifariam
1212 1659 1327 1701 secant
1346 1657 1510 1713 opposita
1532 1657 1638 1712 plana
1661 1656 1877 1713 parallelepi-

412 1733 505 1788 pedI,
529 1733 567 1772 in
587 1747 662 1772 uno
682 1744 867 1785 ponuntur
887 1730 956 1771 effe
972 1729 1097 1785 plano,
1118 1731 1220 1785 quod
1244 1729 1390 1786 quidem
1410 1728 1646 1769 demonstrari
1669 1728 1810 1777 debuit5
1837 1739 1878 1769 ut

412 1817 510 1844 nunc
534 1800 672 1842 factum
698 1802 765 1842 est..

1026 1964 1060 2001 L
1070 1963 1086 2001 I
1095 1963 1136 2000 B.
1174 1961 1262 1999 XII.

515 2077 550 2115 X
573 2073 733 2128 Epistola
751 2074 982 2115 Archimedis
1007 2074 1052 2114 ad
1077 2071 1297 2112 Dofitheum
1322 2070 1420 2111 libris
1444 2070 1496 2125 de·
1514 2069 1672 2124 Sphaera
1698 2082 1734 2111 et
1751 2070 1877 2124 Cylin-

540 2145 606 2184 dro
630 2143 825 2197 praemissa,
845 2159 954 2199 quam
973 2143 1163 2197 integritati
1180 2140 1261 2181 suae
1279 2155 1323 2180 ex
1340 2139 1592 2194 Manuscriptis
1610 2141 1757 2180 restituit
1775 2142 1876 2179 Doc*

412 2215 559 2258 tiffimus
582 2212 733 2270 Collega
756 2229 856 2257 meus
880 2216 995 2256 Dom.
1014 2210 1173 2271 Jacobus
1197 2214 1314 2254 Moor
1339 2212 1564 2253 Graecarum
1587 2209 1764 2252 literarum
1789 2211 1878 2248 Pro-

1767 2275 1875 2319 seffor
