2111 2755
296 184 394 236 226
675 183 1070 235 EUCLIDIS
1114 183 1782 240 ELEMENTORUM

518 280 621 332 Ergo
639 280 753 316 restae
773 273 886 313 lineae
904 273 987 323 AB,
1005 273 1077 311 CD
1097 272 1135 311 in
1160 287 1235 313 uno
1252 271 1332 312 sunt
1350 272 1471 326 plano.
1520 279 1629 330 Igitur
1647 279 1674 320 fi
1693 281 1783 322 duae
1801 285 1914 323 reetae
1931 282 1971 323 Ιί-

520 361 608 387 neae
632 344 703 383 &a
754 343 814 394 Q
832 344 879 380 E.
906 343 957 380 D.

931 454 1100 495 PROP.
1136 455 1206 497 III.
1279 453 1454 494 THEO
1466 457 1515 494 R.

527 543 621 647 SI
646 541 739 588 duo
766 538 898 602 plana
920 539 1176 591 seinvicem
1198 540 1363 600 secent,
1389 541 1648 594 communis
1672 541 1870 608 ipsorum
1886 548 1972 596 sec·-

640 610 708 658 tio
730 611 847 657 resta
871 608 989 658 linea
1011 609 1110 658 erit.

589 758 681 795 Duo
711 751 819 806 plana
841 755 921 802 ΑΒ,
951 755 1014 793 BC
1040 751 1074 795 se
1098 753 1248 796 invicem
1280 751 1409 803 secent,
1439 757 1641 797 communis
1671 769 1791 799 autem
1819 756 1976 813 ipsorum

522 823 627 865 seffio
648 822 690 863 fit
709 825 780 862 DB
799 821 903 862 linea.
953 823 1052 863 Dico
1074 820 1204 863 lineam
1227 825 1299 862 DB
1318 822 1386 865 esse
1410 828 1555 865 renam.

522 894 550 934 s1
574 894 670 933 enim
693 906 770 931 non
793 892 840 931 ita
871 891 923 940 fit,
954 891 1103 931 ducatur
1126 906 1146 930 a
1169 894 1304 944 punfm
1331 894 1371 931 D
1398 892 1445 933 ad
1467 894 1498 933 B
1521 894 1559 934 in

520 961 633 1018 plano
656 961 801 1016 quidem
819 962 888 1000 AB
908 964 1002 1000 reeta
1025 958 1119 1001 linea
1143 961 1272 1008 DEB;
1306 961 1344 1003 in
1368 959 1479 1014 plano
1497 976 1559 1003 au-

524 1043 600 1071 tem
622 1032 685 1072 BC
709 1033 801 1069 resta
824 1027 916 1069 linea
939 1030 1054 1069 DFB.
1127 1031 1246 1070 Erunt
1276 1030 1381 1085 igitur
1408 1031 1560 1072 duarum

520 1104 695 1141 reetarum
718 1098 891 1138 linearum
918 1100 1036 1147 DEB,
1069 1100 1173 1138 DFB
1203 1099 1312 1140 iidem
1336 1101 1489 1148 termini,
1524 1112 1560 1140 et

300 1190 328 1211 a.
345 1183 464 1212 10.Ax.
479 1188 506 1212 1.
522 1168 615 1225 ipsae
639 1167 786 1223 spatium
811 1167 1061 1216 continebunt,
1102 1167 1205 1222 quod
1240 1168 1289 1208 est
1324 1168 1519 1209 absurdum
1530 1174 1556 1209 ².

522 1240 631 1296 igitur
654 1236 844 1292 planorum
860 1240 943 1286 AB,
961 1239 1036 1287 BC,
1054 1238 1260 1279 communis
1277 1235 1381 1279 festio
1393 1240 1465 1279 BD
1482 1252 1560 1279 non

520 1309 635 1363 potest
644 1321 721 1347 non
735 1305 804 1347 effe
817 1311 908 1347 reeta
920 1306 1013 1348 linea
1019 1325 1030 1355 ;
1044 1311 1136 1348 resta
1150 1307 1255 1362 igitur
1270 1309 1330 1348 est.
1355 1309 1394 1348 Si
1403 1308 1510 1361 igitur
1524 1308 1600 1348 duo
1609 1305 1716 1361 plana
1725 1307 1796 1349 δερ.
1806 1310 1909 1362 QE.
1922 1312 1974 1350 D.

954 1420 1129 1458 PROP.
1167 1405 1235 1457 1v.‘
1305 1419 1547 1458 THEOR.

520 1508 604 1601 SI
634 1505 750 1552 reeta
784 1503 902 1550 linea
932 1505 1106 1552 duabus
1140 1504 1266 1552 reetis
1290 1504 1417 1552 lineis
1440 1504 1700 1553 seinvicem
1722 1506 1975 1557 secantibus

613 1574 661 1622 in
685 1573 921 1621 communi
945 1573 1135 1621 sedtione
1159 1575 1216 1621 ad
1240 1576 1380 1622 reetos
1405 1573 1594 1638 angulos
1619 1573 1799 1635 insistat,
1837 1577 1976 1626 etiam

523 1644 657 1692 dudio
684 1661 762 1707 per
792 1643 903 1706 ipsas
928 1643 1063 1707 plano
1088 1645 1145 1691 ad
1168 1645 1309 1692 reftos
1335 1644 1522 1711 angulos
1547 1644 1645 1693 erit.

589 1789 702 1827 Resta
726 1786 819 1826 linea
843 1788 1019 1841 quaedam
1042 1790 1110 1828 EF
1135 1788 1273 1828 duabus
1296 1790 1396 1829 reffis
1418 1788 1516 1829 fineis
1541 1791 1621 1837 AB,
1646 1790 1732 1836 CD,
1769 1787 1802 1828 se
1824 1789 1975 1831 invicem

522 1855 717 1896 secantibus
740 1858 778 1896 in
802 1859 837 1895 E
860 1861 1005 1910 punem,
1040 1856 1086 1896 ab
1117 1856 1192 1911 ipso
1215 1860 1249 1897 E
1273 1857 1318 1897 ad
1351 1862 1462 1898 reetos
1493 1856 1644 1913 angulos
1673 1857 1813 1897 insistat.
1851 1894 1853 1896 .
1877 1859 1975 1900 Dico

522 1927 589 1965 EF
614 1926 719 1965 etiam
743 1924 855 1979 plano
877 1941 940 1979 per
962 1928 1044 1974 AB,
1069 1928 1141 1966 CD
1166 1927 1273 1967 dudio
1297 1927 1342 1966 ad
1366 1931 1479 1967 reetos
1502 1925 1650 1981 angulos
1672 1925 1752 1966 esse.

589 1996 785 2034 Sumantur
809 1995 906 2034 enIm
930 1998 1044 2035 metae
1067 1994 1181 2035 lineae
1204 1998 1288 2044 AE,
1312 1999 1389 2044 ΕΒ,
1412 1998 1492 2046 CE,
1523 1999 1599 2036 ED
1622 1997 1712 2035 inter
1736 1994 1770 2035 se
1792 1995 1955 2049 aequales
1963 2014 1973 2044 3

521 2074 556 2102 et
579 2077 639 2116 per
658 2065 692 2101 E
718 2065 865 2103 ducatur
890 2065 926 2103 in
951 2063 1060 2117 plano
1082 2080 1144 2119 per
1167 2068 1250 2114 AB,
1281 2067 1367 2114 CD,
1402 2070 1493 2105 reeta
1517 2065 1610 2106 linea
1635 2067 1750 2105 GEH
1782 2078 1972 2118 utcunque,

514 2132 780 2186 jungamurque
797 2135 888 2181 AD,
910 2136 994 2180 Css;
1030 2135 1159 2174 deinde
1182 2150 1202 2174 a
1221 2136 1355 2189 qu0vi8‚
1381 2136 1417 2174 in
1435 2139 1527 2175 reeta
1542 2137 1619 2181 EF,
1637 2138 1772 2187 puneto
1790 2136 1822 2172 F
1840 2133 1972 2173 ducan-

517 2212 574 2240 tur
598 2202 678 2249 FA,
702 2202 787 2249 FG,
806 2203 892 2249 FD,
916 2204 991 2250 FC,
1016 2205 1099 2253 ΡΗ,
1124 2206 1197 2245 FB.
1247 2207 1298 2246 Et
1322 2206 1497 2259 quoniam
1521 2205 1611 2245 duae
1629 2207 1742 2244 rectae
1758 2200 1871 2243 lineae
1883 2204 1971 2252 AE,

1894 2273 1971 2312 ED
