2111 2755
625 181 1162 233 NOTAE.

168 280 232 327 tio,
254 275 307 318 vel
331 275 430 330 quod
455 273 584 315 eodem
607 273 697 313 redit
727 273 809 313 data
835 272 1032 313 differentia
1055 272 1124 311 AB
1153 269 1302 311 laterum
1324 267 1528 325 rectanguli,
1562 263 1614 324 ipss

166 346 274 402 soque
297 345 538 401 magnitudine
562 343 657 390 dato,
681 343 836 382 invenire
855 342 976 382 latera.

567 456 740 495 PROP.
777 455 918 492 XXXI.
985 453 1095 491 LIB.
1132 453 1199 490 VI.

235 552 281 590 In
304 547 620 589 Demonstratione
649 546 754 599 hujus
785 543 933 584 inversio
963 541 1283 596 proportionalium
1313 541 1366 582 bis
1396 542 1445 581 est
1475 539 1610 590 omiffix,

165 619 282 660 addita
300 618 403 671 igitur
423 617 482 665 est,
500 627 540 655 ut
561 612 743 654 conclusio
762 614 827 653 rite
845 613 944 652 fieret
962 626 1031 664 ope
1054 616 1173 664 2412'2,
1191 610 1274 651 Lib.
1293 623 1331 661 5.
1355 610 1455 665 quod
1474 608 1613 651 Claviuo

166 688 258 743 prius
281 686 424 727 fecerat.
576 728 578 730 ,

558 775 588 813 P
600 774 729 813 ROP.
767 772 927 812 XXXII.
1001 772 1111 809 LIB.
1150 771 1217 808 VI.

234 887 446 930 Enuntiatio
470 884 726 938 Propofitionis
753 882 872 930 261³&
895 880 978 921 Lib.
1003 880 1043 920 6.
1069 895 1146 920 non
1164 878 1240 919 satis
1257 879 1429 934 generalis
1446 882 1506 920 est.
1543 892 1614 920 etc-

165 960 243 1000 nim
267 972 343 997 non
366 967 506 996 tantum
529 954 604 993 duo
627 951 955 1007 parallelogramma
979 948 1103 989 fimilia
1127 960 1162 988 et
1184 947 1340 988 similiter
1362 948 1486 1002 posita,
1519 963 1615 1002 quae

165 1040 400 1068 communem
424 1022 559 1062 habent
583 1021 766 1076 angulum,
789 1019 868 1059 sunt
891 1020 980 1059 clrca
1003 1017 1155 1058 eandem
1179 1018 1412 1065 diametrum
1436 1031 1559 1057 verum
1577 1032 1614 1057 e—

166 1098 252 1137 tiam
276 1095 350 1134 duo
374 1090 498 1132 fimilia
522 1103 556 1130 et
579 1090 737 1130 similiter
760 1089 885 1143 posita,
915 1102 1067 1142 quorum
1090 1101 1206 1125 unum
1229 1085 1340 1125 habet
1357 1084 1528 1139 angulum
1551 1098 1614 1125 an-

164 1163 252 1219 gulo
275 1162 417 1202 alterius
439 1160 484 1200 ad
506 1161 672 1199 verticem
695 1158 908 1213 oppositum,
947 1155 1082 1196 habent
1111 1154 1303 1194 diametros
1331 1155 1369 1193 in
1392 1157 1485 1193 resta
1508 1152 1614 1192 linea.

166 1233 303 1272 videtur
330 1244 414 1270 vero
444 1228 551 1268 aliam
582 1226 683 1268 fuisse
712 1228 843 1268 horum
874 1225 1222 1273 demonstrationem,
1258 1222 1426 1262 directam
1455 1222 1615 1275 quidem,

165 1302 223 1341 cui
245 1298 449 1340 inserviebat
471 1295 672 1350 Propofitio
701 1309 722 1347 3
735 1290 811 1344 2¹³³,
842 1308 934 1349 quae
963 1295 1072 1334 etiam
1102 1291 1203 1333 aliter
1232 1303 1268 1332 et
1289 1290 1396 1346 paulo
1418 1290 1554 1332 brevius
1575 1300 1616 1330 ut

165 1368 320 1424 sequitur
343 1365 480 1407 ostendi
502 1365 627 1418 potest.

562 1476 734 1514 PROP.
770 1476 930 1515 XXXII.
1001 1476 1111 1515 LIB.
1146 1475 1214 1514 VI.

235 1572 274 1612 Si
297 1571 370 1610 duo
394 1566 567 1623 triangula
588 1579 854 1621 componantur
878 1566 923 1606 ad
945 1580 1061 1606 unum
1084 1564 1266 1619 angulum,
1291 1562 1364 1604 &c.

234 1640 313 1680 Sint
337 1639 412 1678 duo
434 1635 608 1690 triangula
632 1637 760 1683 GAF,
783 1637 889 1676 HFC
912 1649 1000 1689 quae
1024 1635 1099 1674 duo
1122 1633 1229 1674 latera
1253 1634 1343 1681 AG,
1368 1633 1452 1681 GF,
1475 1628 1615 1672 duobus

168 1708 334 1750 lateribus
357 1709 440 1754 FH,
463 1707 537 1746 HC
560 1702 840 1758 proportionalia
857 1702 1022 1751 habeant,
1048 1701 1093 1743 sc.
1147 1723 1191 1768 A
1314 1704 1354 1740 (i
1532 1714 1576 1759 D

1742 179 1835 248 385

169 1776 212 1818 sit
234 1776 322 1816 ficut
348 1777 429 1816 AG
454 1774 498 1814 ad
523 1776 607 1821 GF,
631 1774 679 1812 ita
699 1775 771 1813 FH
791 1773 836 1812 ad
854 1774 946 1819 HC;
982 1769 1096 1824 paral—

173 1845 240 1886 lela
263 1856 381 1884 autem
406 1843 448 1883 fit
471 1845 550 1882 GA
572 1841 636 1895 ipsi
658 1843 744 1890 HF,
772 1853 806 1881 et
830 1843 902 1882 GF
925 1839 988 1895 ipsi
1011 1841 1096 1881 HC.
1150 1750 1593 2009 Effilff

172 1916 238 1954 erit
263 1915 335 1953 AF
359 1911 422 1966 ipsi
444 1913 510 1951 FC
534 1912 571 1950 in
596 1910 776 1950 directum.

242 1984 406 2021 Ducatur
435 1982 506 2020 CK
537 1977 704 2032 parallela
729 1984 743 2001 ²
766 1977 829 2032 ipsi
854 1979 939 2025 FH,
976 1991 1099 2017 occur-
1147 1985 1185 2037 Β
1631 1996 1658 2016 a.
1684 1994 1736 2028 3¹·
1754 1987 1785 2024 ιζ

173 2062 296 2104 ratque
320 2052 432 2088 restae
452 2050 523 2087 GF
546 2047 736 2100 productae
759 2048 796 2086 in
811 2049 869 2086 K.
911 2046 1098 2099 Qoniam
1323 2015 1370 2055 K
1513 2010 1556 2057 C

172 2120 276 2174 igitur
298 2129 447 2169 utraque
467 2118 559 2164 AG,
585 2117 655 2155 KC
678 2114 845 2168 parallela
868 2115 916 2154 est
939 2114 1003 2167 ipsi
1026 2115 1109 2162 FH,
1133 2123 1235 2152 erunt
1258 2123 1293 2152 et
1315 2112 1407 2158 AG,
1434 2110 1504 2150 KC
1527 2108 1618 2148 Inter

175 2187 208 2229 se
230 2181 450 2242 parallelaeb‚
475 2199 586 2239 quare
608 2182 730 2239 anguli
751 2185 873 2231 AGF,
903 2184 1008 2224 FKC
1030 2181 1108 2224 sunt
1130 2183 1221 2223 inter
1243 2180 1277 2223 se
1299 2179 1471 2235 aequales,
1495 2177 1619 2218 alterni
1629 2187 1658 2216 b.
1676 2193 1727 2226 30·
1744 2185 1774 2215 ιι

835 2253 953 2292 Ccc
1522 2247 1621 2288 enim
