2111 2755
241 195 335 265 380

906 195 1444 246 NOTAE.

460 288 564 335 drini,
589 297 623 326 ct
647 283 743 332 alibi,
766 282 928 324 incidunt
951 284 988 323 in
1008 284 1106 324 hunc
1126 298 1303 332 errorem3
1339 290 1608 341 praeoccupavit
1631 287 1760 332 scilicet
1782 291 1918 333 multo-

464 371 542 398 rum
580 365 718 394 mentes
752 351 903 407 vulgaris
934 352 1263 407 proportionalium
1286 354 1376 404 idea,
1419 370 1491 410 qua
1516 356 1558 397 fit
1580 369 1619 398 ut
1640 373 1839 402 accuratam
1863 363 1920 402 vix

463 423 672 477 percipiant.

532 495 718 532 Praeterea
742 491 901 543 quamvis
926 489 1145 531 reetilineum
1169 493 1270 532 ABC
1294 492 1352 532 cui
1375 491 1489 532 fimile
1514 490 1722 535 faciendum
1745 497 1804 543 est,
1840 498 1921 551 pos-

461 561 505 603 fit
528 559 597 600 effe
621 558 862 614 cujuscunque
884 560 1037 614 generi3‚
1075 561 1113 599 in
1149 561 1454 602 demonstratione
1486 574 1607 603 tamen
1631 565 1762 605 Graeci
1783 567 1923 607 codices

461 629 600 670 habent
623 627 841 683 triangulum
875 630 950 669 vice
983 627 1161 676 rcffilfmei,
1197 631 1259 683 qui
1290 644 1388 670 error
1417 635 1592 672 correftus
1621 634 1670 674 est
1693 634 1732 674 in
1753 634 1922 676 versionis

462 698 722 740 Commandini
746 698 904 738 editione
927 712 1018 752 quae
1044 699 1182 738 Oxonii
1205 697 1370 753 impressa
1392 700 1457 740 est.

884 860 1060 901 PROP.
1097 861 1259 901 XXVII.
1331 861 1441 901 LIB.
1480 861 1548 900 VI.

534 972 719 1013 Secundus
743 970 839 1011 casus
862 971 969 1025 hujus
991 970 1102 1011 habet
1124 965 1256 1015 οἷλλῶς
1279 971 1480 1026 praefixum>
1513 971 1614 1026 quasi
1647 971 1714 1013 alia
1748 971 1832 1014 effet
1863 975 1925 1016 de-

460 1041 688 1088 monstratio;
724 1039 770 1079 ab
793 1040 959 1094 imperito
982 1052 1021 1080 ut
1044 1040 1180 1080 videtur
1198 1040 1374 1081 Librario.
1419 1055 1529 1095 quam
1547 1055 1674 1081 vocem
1691 1047 1783 1082 recte
1807 1043 1926 1084 omisit

462 1111 672 1164 Gregorius.
734 1107 876 1149 schema
900 1121 1018 1149 autem
1042 1109 1149 1164 hujus
1173 1108 1316 1150 secundi
1347 1108 1440 1149 casus
1471 1108 1591 1149 iisdem
1615 1109 1721 1151 literis
1745 1111 1927 1165 alphabeti

462 1194 556 1234 quae
578 1179 616 1218 in
640 1177 819 1219 schemate
841 1178 946 1233 primi
969 1177 1064 1219 casus
1088 1178 1270 1221 adhibitae
1292 1178 1450 1228 fuerunt,
1467 1180 1586 1220 notari
1603 1179 1738 1221 debuit.
1788 1193 1828 1221 ut
1846 1182 1924 1236 jam

466 1246 601 1288 fastum
625 1249 686 1287 est.

730 1340 898 1380 PROP.
936 1342 1117 1389 XXVIII,
1155 1353 1190 1381 et
1225 1343 1365 1382 XXIX.
1437 1343 1543 1382 LIB.
1580 1344 1648 1382 VI.

534 1449 766 1491 Problemata
789 1452 890 1497 haec,
917 1467 1069 1505 quorum
1093 1454 1212 1506 primo
1236 1451 1425 1493 necessaria
1449 1453 1497 1492 est
1520 1455 1627 1505 Prop.
1670 1450 1812 1504 271³ffl³‚
1848 1453 1927 1496 sunt

466 1519 632 1567 omnium
656 1520 694 1558 in
713 1517 910 1558 Elementis
934 1521 1087 1559 maxime
1110 1520 1287 1574 generalia
1311 1533 1347 1559 et
1370 1520 1480 1567 utilia,
1511 1533 1546 1559 et
1570 1535 1590 1559 a
1615 1521 1789 1561 veteribus
1812 1523 1850 1562 in
1873 1522 1928 1563 so·

466 1587 603 1628 lutione
634 1587 786 1628 aliorum
809 1586 1078 1628 Problematum
1111 1587 1303 1642 saepiffime
1327 1589 1508 1636 adhibita;
1545 1601 1580 1628 et
1602 1602 1787 1643 propterea
1810 1591 1931 1632 inscite

468 1657 665 1696 admodum
688 1655 734 1696 ab
759 1657 858 1696 And.
886 1657 1052 1710 Tacquet
1082 1669 1117 1697 et
1139 1656 1265 1698 Claud.
1291 1657 1471 1697 Dechales
1501 1659 1539 1696 in
1570 1660 1609 1697 iis
1640 1673 1730 1711 quas
1753 1660 1929 1700 dederunt

467 1725 747 1766 Elementorum
760 1725 992 1765 Editionibus
1010 1727 1237 1773 omittuntur,
1263 1738 1298 1765 et
1317 1725 1438 1765 insulse
1463 1726 1660 1765 admodum
1681 1727 1726 1766 ab
1745 1728 1784 1767 iis
1803 1729 1931 1768 dicun-

467 1806 524 1834 tur
547 1793 676 1834 nullius
695 1792 770 1834 fere
788 1793 856 1834 esse
876 1793 964 1833 usus.
1005 1797 1151 1835 Horum
1171 1794 1265 1834 casus
1286 1795 1432 1848 quando
1446 1795 1489 1833 ad
1510 1795 1630 1834 datam
1643 1800 1773 1835 reetam
1792 1795 1928 1837 lineam

467 1863 553 1903 dato
571 1864 750 1917 quadrato
770 1861 915 1916 aequale
932 1863 1178 1918 restangulum
1197 1863 1450 1917 applicandum
1471 1864 1530 1910 est,
1551 1864 1728 1912 deficiens,
1748 1878 1809 1904 aut
1828 1880 1928 1906 exce-

468 1932 554 1971 dens
579 1933 772 1985 quadrat03
809 1944 844 1971 et
863 1932 1011 1983 quando
1031 1932 1076 1971 ad
1097 1933 1216 1972 datam
1237 1937 1368 1972 rcftam
1390 1932 1522 1972 lineam
1544 1934 1627 1971 dato
1646 1933 1851 1987 reftangulo
1870 1949 1926 1974 ae·

467 1999 571 2054 quale
596 2001 838 2055 rectangulum
863 2000 1114 2054 applicandum
1132 2002 1181 2040 est
1200 2001 1366 2041 deficiens
1386 2014 1445 2041 aut
1464 2001 1635 2040 excedens
1656 2003 1838 2054 quadrato,
1858 2001 1928 2042 fre-

467 2069 691 2122 quentiffime
715 2085 734 2108 a
760 2071 965 2109 Geometris
990 2068 1209 2122 usurpantur.
1253 2069 1377 2122 Quare
1400 2071 1598 2122 Tyronum
1619 2072 1727 2124 gratia
1744 2070 1853 2111 visum
1877 2072 1926 2111 est

465 2151 590 2179 eorum
615 2140 903 2186 constructiones,
928 2150 966 2177 ut
991 2137 1144 2191 sequitur
1168 2138 1314 2178 tradere.

543 2218 579 2246 1.
608 2207 671 2247 Ad
697 2206 816 2248 datam
836 2211 966 2250 restam
985 2206 1116 2249 lineam
1137 2208 1221 2248 dato
1240 2207 1415 2262 quadrato
1433 2206 1581 2260 aequale
1599 2205 1844 2262 rec‘tangulum
1865 2223 1926 2262 ap-

1779 2275 1923 2330 plicare,
