2111 2755
226 218 326 267 410

891 190 1431 243 NOTAE.

454 287 641 331 referenda
655 285 760 340 igitur
773 281 851 323 sunt
864 298 905 323 ea
917 281 1023 323 verba
1037 282 1081 323 ad
1095 277 1142 322 τὸ
1160 276 1276 342 ςερεὸν
1293 275 1499 342 πολύεδρον,
1514 292 1549 321 et
1560 284 1728 325 vertenda
1750 288 1771 309 “
1786 285 1823 326 in
1837 301 1912 328 ma·-

454 357 563 412 “jori
581 353 728 409 sphaera
752 352 904 393 solidum
928 352 1145 406 polyedrum
1172 350 1365 391 describere
1385 352 1484 406 cujus
1507 349 1705 405 superficies
1729 353 1913 408 sphaeram

453 431 475 451 “
494 427 674 468 minorem
694 439 772 464 non
791 422 988 477 attingat;’'
1020 434 1060 462 ut
1084 420 1197 461 sensus
1216 420 1473 475 Propofitionis
1496 420 1689 462 necessario
1706 426 1862 478 requirit.

500 494 774 535 Demonstratio
788 504 909 532 autem
917 491 1172 546 Propositionis
1186 491 1376 545 depravata
1391 491 1439 530 est
1452 502 1487 530 et
1500 489 1638 533 mutila.
1664 493 1812 533 Etenim
1826 509 1919 548 quae

456 563 573 606 facilia
596 563 675 603 sunt
699 561 863 617 explicite
887 562 1085 603 admodum
1104 562 1348 611 ostenduntur,
1372 576 1464 615 quae
1482 575 1567 600 vero
1585 561 1705 601 minus
1723 561 1840 612 obvia,
1861 579 1922 604 ex-

457 634 649 690 plicatione
673 633 910 673 destituuntur
923 651 932 682 ;
968 644 1009 672 ut
1031 647 1116 672 cum
1139 629 1296 671 asseritur
1320 631 1532 685 quadratum
1556 646 1601 671 ex
1624 633 1693 671 KB
1717 634 1831 688 majus
1855 631 1924 674 effe

459 719 567 758 quam
593 702 742 757 duplum
767 703 932 757 quadrati
955 717 999 742 ex
1023 702 1105 750 BZ,
1129 701 1167 741 in
1190 702 1307 756 prima
1332 701 1640 741 demonstratione
1649 719 1659 749 ς
1696 713 1730 741 et
1748 702 1924 756 angulum

458 775 566 815 BZK
596 771 766 813 obtusum
798 770 867 812 effe
897 773 934 812 in
960 770 1130 820 secunda;
1166 787 1260 826 quae
1284 771 1431 825 quidem
1455 771 1686 811 demonstrari
1712 770 1924 812 debuerunt.

459 856 642 898 praeterea
665 843 703 882 in
727 843 843 896 prima
869 842 1174 882 demonstratione
1204 840 1359 881 habetur
1395 845 1421 863 “
1441 840 1594 880 ducatur
1617 856 1638 880 a
1660 845 1794 894 puncto
1818 843 1857 881 K
1881 841 1927 882 ad

460 918 483 937 “
506 915 577 954 BD
598 910 900 967 perpendicularis
924 911 1034 951 Kff’
1066 927 1149 952 curn
1168 911 1361 952 dicendum
1380 908 1448 950 fuit
1471 911 1673 965 “jungatur
1693 909 1801 958 KV?
1834 925 1927 964 quae

461 982 682 1023 ostendenda
706 980 775 1020 fuit
799 980 1100 1035 perpendicularis
1118 981 1165 1021 ad
1186 983 1270 1021 BD.
1319 977 1550 1020 manifestum
1567 980 1665 1019 enim
1684 980 1733 1019 est
1751 993 1795 1019 ex
1812 980 1930 1034 figura

459 1052 499 1091 in
522 1051 693 1103 Hervagii
717 1062 752 1089 et
777 1051 946 1103 Gregorii
970 1050 1196 1100 editionibus,
1223 1063 1325 1090 etex
1355 1049 1430 1104 ipso
1455 1062 1565 1098 textu,
1593 1048 1784 1089 Editorem
1815 1060 1930 1088 textus

462 1120 596 1160 Graeci
620 1133 730 1172 quem
754 1133 852 1158 nunc
876 1118 1054 1158 habemus
1077 1135 1156 1161 non
1179 1119 1300 1161 vidisse
1323 1118 1655 1166 perpendicularem
1686 1132 1706 1154 a
1732 1120 1867 1169 puncto
1890 1119 1930 1158 K

461 1190 508 1231 ad
531 1191 602 1229 BD
627 1189 771 1228 duetam
795 1187 992 1228 necessario
1016 1185 1171 1226 incidere
1194 1184 1232 1223 in
1260 1179 1373 1235 ipsum
1399 1186 1574 1235 punfrnm
1599 1186 1646 1230 V,
1679 1186 1803 1225 incidit
1833 1186 1930 1226 enim

462 1261 500 1300 in
523 1262 696 1313 punehim
722 1258 765 1297 Ω
794 1257 969 1299 diversum
993 1272 1014 1297 a
1039 1257 1075 1296 V
1099 1256 1137 1295 in
1168 1267 1296 1294 eorum
1320 1251 1438 1306 figuris
1447 1268 1457 1298 3
1493 1262 1528 1290 et
1558 1252 1595 1290 in
1627 1251 1932 1295 demonstratione

462 1338 648 1381 ponuntur
673 1337 712 1361 ea
732 1330 864 1375 puncta
887 1334 1062 1374 tanquam
1087 1321 1231 1370 dlversa‚
1268 1335 1353 1361 nam
1379 1319 1518 1360 diversis
1540 1318 1647 1360 literis
1673 1322 1708 1360 V
1732 1334 1768 1362 et
1792 1324 1836 1361 Ω
1863 1338 1932 1364 no-

463 1406 598 1435 tantur.
645 1391 797 1431 Videtur
822 1401 942 1430 autem
961 1389 1273 1429 Commandinum
1296 1390 1368 1428 hoc
1391 1388 1523 1436 vidisse,
1548 1403 1632 1428 nam
1657 1390 1694 1430 in
1718 1391 1792 1444 ejus
1815 1392 1932 1447 figura

464 1477 579 1504 unum
602 1461 768 1513 idemque
791 1463 964 1513 punctum
989 1470 1135 1498 notatur
1154 1457 1293 1497 duabus
1315 1457 1419 1497 literis
1438 1459 1484 1506 V,
1500 1457 1554 1497 Ω.
1591 1457 1650 1497 sed
1669 1471 1703 1498 et
1722 1472 1804 1499 ante
1818 1462 1933 1501 Com-

466 1532 681 1573 mandinum
705 1531 755 1568 vir
779 1529 903 1569 doetus
921 1530 1083 1582 Joannes
1104 1529 1185 1567 Dee
1209 1528 1246 1566 in
1271 1527 1547 1567 Commentariis
1573 1542 1665 1582 quae
1688 1528 1771 1568 huic
1795 1531 1934 1584 Propo-

467 1602 586 1643 fitioni
615 1599 795 1654 subjunxit
830 1599 867 1637 in
897 1597 1057 1637 versione
1088 1595 1244 1652 Anglica
1275 1595 1556 1637 Elementorum
1592 1596 1638 1636 ab
1669 1599 1834 1638 Henrico
1859 1598 1933 1640 Bil-

466 1669 615 1726 lingssey
639 1667 742 1715 farta,
771 1667 931 1707 Londini
955 1670 1003 1707 A.
1030 1669 1080 1707 D.
1116 1679 1232 1718 1570
1258 1664 1433 1721 impressa,
1463 1680 1619 1706 errorem
1650 1666 1747 1708 hunc
1772 1667 1946 1722 explicite-

466 1752 581 1787 notat,
609 1751 644 1779 et
668 1738 1012 1778 demonstrationem
1036 1737 1287 1776 constructioni
1311 1751 1402 1791 quae
1425 1737 1462 1775 in
1487 1748 1584 1775 textu
1610 1738 1755 1776 Graeco
1778 1736 1934 1778 habetur

468 1811 743 1850 convenientem
769 1807 884 1856 tradit,
914 1808 988 1861 qua
1013 1805 1141 1846 scilicet
1165 1806 1318 1846 ostendit
1341 1804 1670 1860 perpendicularem
1695 1821 1715 1846 a
1739 1811 1875 1860 puncto
1894 1809 1934 1848 K

469 1880 514 1919 ad
539 1882 611 1919 BD
637 1879 792 1926 ductam,
816 1875 1008 1917 necessario
1032 1877 1157 1916 cadere
1175 1877 1213 1915 in
1232 1877 1279 1915 V.

537 1952 720 1989 Praeterea
745 1946 977 2002 quadrilatera
1004 1947 1154 1994 SOPT,
1180 1946 1326 1985 TPRY
1352 1957 1387 1984 et
1409 1943 1628 2000 triangulum
1647 1948 1760 1986 YRX
1784 1947 1935 1988 minime

470 2019 706 2059 ostenduntur
730 2031 806 2057 non
839 2017 1013 2070 attingere
1044 2014 1227 2070 sphaeram
1252 2015 1443 2063 minorem,
1475 2015 1573 2068 quod
1602 2014 1833 2056 necessarium
1865 2015 1935 2057 fuit

473 2088 726 2127 demonstrare.
764 2084 855 2126 solus
879 2084 1033 2132 Clavius,
1068 2098 1242 2139 quantum
1267 2083 1348 2131 scio,
1375 2083 1446 2123 hoc
1470 2083 1662 2124 observavit
1685 2097 1720 2125 et
1742 2087 1934 2126 Lemmate

474 2157 737 2203 demonstravit,
769 2156 872 2210 quod
895 2153 1005 2211 paulo
1029 2154 1129 2197 aliter
1160 2168 1194 2197 et
1225 2153 1361 2196 brevius
1384 2152 1562 2195 ostensum
1585 2154 1826 2211 propositioni
1848 2154 1937 2195 huic

473 2223 701 2280 praemissum
725 2226 783 2265 est.

1890 2294 1935 2335 In
