2111 2755
269 215 363 266 320

266 365 294 394 b.
310 364 433 405 15.Def.
449 372 476 395 1.

315 1461 341 1481 c.
362 1459 410 1481 11.
431 1457 479 1480 12.

657 189 1048 242 EUCLIDIS
1092 187 1755 241 ELEMENTORUM

480 283 605 327 circuli
624 286 709 330 Ass;
745 296 854 335 quare
873 293 908 320 et
924 282 1015 320 inter
1033 279 1066 320 sc
1085 278 1163 320 sunt
1181 279 1356 332 aequales.
1386 279 1480 319 linea
1497 281 1603 334 igitur
1620 285 1701 323 GH
1721 283 1770 322 est
1789 282 1942 322 circum-

488 355 637 396 ferentia
661 350 784 391 circuli
802 347 819 374 b
839 351 936 404 cujus
958 361 1120 389 centrum
1141 350 1189 388 est
1212 352 1386 401 punctum
1399 351 1449 388 K.
1492 347 1640 401 planum
1658 352 1760 403 igitur
1780 353 1860 391 GH
1879 366 1943 403 cy-

485 423 642 463 lindrum
665 423 743 461 AD
769 419 889 459 dividit
912 419 949 458 in
979 418 1159 472 cylindros
1183 419 1274 465 AH,
1302 419 1400 465 GD;
1431 416 1510 456 sunt
1541 417 1639 456 enim
1662 418 1768 458 iidem
1793 421 1855 472 qui
1880 419 1941 458 de-

483 491 717 532 scriberentur
741 487 962 528 revolutione
986 485 1402 540 parallelogrammorum
1425 487 1514 533 AK,
1535 487 1606 524 GF
1625 486 1714 524 circa
1733 491 1839 526 rectas
1857 489 1943 535 ΕΚ,

487 562 570 601 KF.
633 559 731 598 Dico
757 558 861 612 igittu·
885 567 924 595 ut
947 558 1025 597 AH
1049 554 1231 609 cylmdrus
1255 554 1301 594 ad
1324 553 1527 607 cylindrum
1551 555 1635 601 HC,
1671 554 1718 593 ita
1742 556 1817 594 ΕΚ
1841 569 1942 594 axem

485 628 531 668 ad
555 642 661 667 axem
685 629 767 666 KF.

556 696 777 736 Producatur
801 695 896 734 enim
929 695 997 732 EF
1029 693 1102 731 axis
1133 706 1177 731 ex
1207 703 1356 744 utraque
1386 702 1482 744 parte
1509 691 1554 730 ad
1584 694 1712 744 puncta
1739 693 1785 737 L,
1815 692 1862 729 M
1871 707 1881 737 ;
1912 702 1946 729 et

488 765 554 819 ipsi
586 765 733 818 quidem
766 765 839 803 ΕΚ
872 763 928 802 axi
957 773 1137 814 ponantur
1167 759 1328 814 aequales
1367 772 1595 813 quotcunque
1628 762 1714 807 EN,
1746 761 1818 798 NL
1827 776 1836 806 ;
1883 757 1946 812 ipsi

489 848 575 874 vero
597 835 670 873 FK
701 830 862 886 aequales
899 842 1132 884 quotcunque
1162 831 1243 875 FX,
1282 831 1366 868 XM
1375 846 1384 874 3
1420 840 1455 866 et

490 918 554 957 per
584 905 718 956 puncta
741 903 788 948 L,
824 903 874 947 N,
906 901 953 946 X,
991 901 1038 938 M
1070 898 1244 936 ducantur
1270 895 1375 949 plana
1403 896 1456 947 ip—

490 970 534 1011 fis
562 973 646 1017 AB,
674 972 747 1009 CD
765 966 942 1021 parallela.
990 967 1107 1019 igitur,
1131 978 1168 1004 ut
1187 966 1231 1004 de
1250 964 1360 1017 plano
1374 965 1455 1003 GH

492 1038 671 1079 ostensum
695 1036 775 1084 fuit,
810 1035 1002 1089 planorum
1031 1033 1174 1073 illorum
1200 1046 1234 1073 et
1265 1032 1455 1086 superficiei

493 1106 643 1162 cylindri
679 1105 873 1160 productae
909 1119 1119 1143 communes
1150 1102 1319 1141 sectiones
1353 1114 1455 1140 erunt

491 1175 609 1216 circuli
634 1189 790 1229 quorum
813 1185 932 1214 centra
957 1171 1037 1212 sunt
1060 1175 1105 1219 L,
1121 1175 1172 1219 N,
1186 1174 1233 1219 X,
1247 1173 1294 1211 M
1313 1174 1455 1223 puncta,

492 1257 527 1284 et
550 1243 756 1284 abscindent
792 1242 898 1297 plana
934 1240 1115 1294 cylindros
1147 1242 1226 1287 PR,
1255 1241 1334 1286 RB,
1360 1238 1455 1286 DT,

494 1313 600 1365 TQ
643 1313 835 1365 Quoniam
860 1312 964 1366 igitur
989 1324 1069 1349 axes
1089 1312 1174 1357 LN,
1199 1311 1284 1355 NE,
1309 1310 1383 1347 ΕΚ
1403 1308 1456 1346 in-

494 1393 545 1421 ter
564 1380 597 1420 se
621 1380 699 1420 sunt
717 1379 891 1433 aequaleS,
911 1390 1016 1418 erunt
1029 1378 1180 1430 cylindri
1193 1379 1271 1423 PR,
1287 1379 1367 1423 RB,
1383 1377 1455 1414 BG

494 1452 585 1490 inter
608 1449 641 1488 se
665 1462 705 1488 ut
729 1448 859 1487 bases0.
912 1446 1071 1500 aequales
1096 1458 1215 1485 autem
1239 1444 1317 1483 sunt
1341 1443 1437 1483 bases
1446 1461 1456 1490 ;

496 1533 581 1573 crgo
605 1530 640 1557 ct
663 1516 813 1570 cylindri
845 1517 927 1561 PR,
953 1517 1034 1562 RB,
1067 1516 1139 1553 BG
1170 1513 1249 1551 sunt
1280 1511 1454 1564 aequales.

494 1588 669 1642 quoniam
692 1600 776 1625 vero
795 1599 876 1624 axes
900 1585 985 1630 LN,
1006 1585 1091 1630 NE,
1112 1584 1187 1621 ΕΚ
1212 1579 1288 1620 sunt
1312 1581 1404 1619 inter
1423 1578 1457 1618 sc

494 1655 670 1710 aequales,
695 1654 774 1694 sunt
798 1666 916 1693 autem
940 1664 975 1691 et
999 1651 1149 1704 cylindri
1169 1652 1246 1697 PR,
1270 1652 1349 1698 RB,
1374 1651 1457 1697 BG,

495 1724 660 1779 aequales
683 1725 774 1764 inter
797 1722 841 1771 se,
875 1735 979 1775 atque
1002 1722 1050 1760 est
1074 1719 1228 1774 ipsorum
1253 1722 1338 1767 LN,
1368 1721 1453 1766 NE,
1485 1720 1559 1759 ΕΚ
1586 1717 1778 1759 multitudo
1802 1715 1953 1771 aequalis

495 1793 715 1834 multitudini
734 1791 888 1846 ipsorum
906 1793 988 1838 PR,
1013 1792 1092 1837 RB,
1117 1792 1208 1836 BG;
1245 1803 1352 1841 quam
1375 1786 1562 1840 multiplex
1586 1790 1635 1827 est
1659 1789 1731 1826 axis
1756 1789 1828 1826 KL
1852 1786 1956 1839 ipsius

496 1865 571 1902 ΚΕ
596 1864 680 1909 axis,
705 1875 778 1902 tam
797 1858 982 1913 multiplex
1006 1860 1070 1898 erit
1094 1871 1128 1898 et
1152 1861 1221 1898 PG
1246 1856 1424 1909 cylindrus
1448 1855 1598 1908 cylindri
1618 1858 1702 1896 GB.
1752 1856 1876 1896 eadem
1900 1869 1956 1895 ra-

498 1932 596 1972 tione
620 1944 654 1971 et
678 1945 788 1985 quam
812 1928 998 1982 multiplex
1016 1929 1064 1966 est
1082 1930 1169 1967 ΜΚ
1188 1928 1259 1966 axis
1284 1925 1388 1979 ipsius
1408 1925 1480 1964 axis
1506 1928 1587 1972 ΚΡ,
1613 1938 1685 1964 tarn
1704 1923 1889 1976 multiplex
1908 1925 1956 1963 est

498 2012 533 2039 ct
559 2000 638 2053 QG
660 2000 839 2054 cylindrus
866 1997 1019 2051 cylindri
1041 1999 1131 2036 GD.
1189 2009 1223 2035 et
1248 1995 1272 2034 si
1299 1994 1445 2047 quidem
1469 1994 1540 2032 axis
1567 1997 1637 2033 KL
1657 1994 1698 2033 sit
1717 1991 1875 2046 aequalis
1900 1993 1955 2031 axi

497 2071 596 2116 ΚΜ,
621 2071 683 2109 erit
713 2082 747 2109 et
774 2070 844 2108 PG
873 2066 1054 2120 cylindrus
1080 2064 1244 2119 cylindro
1274 2061 1554 2116 GQaeqtialis;
1591 2063 1618 2102 si
1643 2076 1763 2102 aurem
1788 2062 1859 2100 axis
1882 2063 1955 2100 KL

498 2138 612 2190 major
637 2136 678 2176 fit
704 2153 768 2176 axe
794 2139 892 2184 KM,
925 2148 959 2174 et
993 2134 1171 2187 cylindrus
1203 2136 1271 2173 PG
1298 2133 1413 2185 major
1439 2132 1503 2170 erit
1529 2130 1693 2183 cylindro
1718 2129 1810 2180 GQ
1825 2147 1834 2176 3
1870 2141 1904 2168 et
1928 2129 1955 2168 fi

498 2206 629 2255 minor,
667 2207 796 2246 minor.
859 2217 1013 2259 quatuor
1043 2205 1148 2258 igitur
1185 2201 1410 2244 existentibus
1447 2199 1766 2254 magnitudinibUS,
1798 2196 1955 2237 videlicet

1832 2264 1953 2305 axibus
