2111 2755
259 225 360 281 354

935 197 1475 249 NOTAE.

805 336 983 377 PROP.
1023 337 1109 376 XV.
1146 347 1182 375 et
1215 336 1322 377 XVI.
1395 336 1506 376 LIB.
1543 334 1615 376 IV.

551 435 599 475 In
624 428 829 474 Corollario
851 430 988 484 primae
1011 428 1142 469 harum
1166 427 1294 469 desunt
1315 441 1419 468 voces
1442 432 1466 451 ‘⁶
1480 426 1698 482 aequilatero
1720 440 1756 470 et
1778 430 1951 485 aequian-

483 508 507 530 “
532 502 644 559 gulo”
681 503 719 542 in
743 512 841 541 textu
864 500 1024 540 Graeco.
1079 510 1114 539 et
1137 499 1174 539 in
1198 501 1308 553 Prop.
1347 508 1362 538 1
1377 496 1416 536 6.
1442 496 1596 538 habetur
1618 497 1766 539 circulus
1788 501 1862 540 vice
1884 501 1951 541 cir-

483 570 756 621 cumferentiae,
779 569 843 610 ubi
868 569 996 610 dicitur
1019 572 1208 623 “quarum
1230 569 1339 624 igitur
1361 567 1516 621 partium
1540 568 1589 608 est
1613 569 1818 610 ABCDF
1842 570 1953 611 circu·

486 647 511 667 “
535 641 623 683 lus.’'

970 752 1104 791 DEF.
1143 752 1214 791 ΙΙΙ.
1283 751 1394 790 LIB.
1431 750 1479 790 V.

599 849 935 888 ECENTIORUM
962 843 1067 885 multi
1093 842 1359 884 Definitionem
1382 842 1477 882 hane
1500 853 1672 896 tanquam
1699 842 1850 884 minime
1872 857 1956 899 pro·

625 917 709 957 bam
732 914 906 970 rejiciunt.
949 911 1027 954 fuse
1045 928 1125 954 eam
1150 910 1336 966 explicavit
1353 912 1405 951 vir
1424 910 1642 951 doffiiffimus
1658 911 1792 952 Isaacus
1806 915 1959 953 Barrow

487 989 528 1030 in
543 988 616 1028 fine
629 989 729 1027 Len.
751 997 771 1033 3
783 1014 792 1023 .
818 983 904 1023 anni
937 996 951 1023 1
967 982 990 1022 6
1003 982 1025 1022 6
1037 981 1078 1032 6,
1097 993 1144 1031 et,
1163 992 1341 1035 quantum
1359 995 1404 1021 ex
1421 992 1547 1021 natura
1570 981 1619 1021 rei
1643 981 1719 1021 fieri
1742 983 1869 1036 potuit,
1892 982 1960 1023 ob-

486 1057 660 1114 jeffiones
683 1065 808 1094 contra
832 1068 914 1093 eam
939 1051 1055 1102 diluit,
1091 1063 1200 1107 atque
1222 1051 1271 1092 ita
1293 1050 1503 1093 sententiam
1527 1049 1625 1091 suam
1646 1051 1685 1091 in
1705 1049 1849 1107 epilogo
1872 1050 1961 1107 ejus-

492 1126 579 1167 dem
603 1124 762 1165 leetionis
787 1123 946 1181 exponit.

565 1198 589 1218 “
613 1196 726 1234 Nune
751 1204 892 1233 tantum
917 1192 1080 1246 adjiciam
1104 1189 1366 1231 Elementatori
1383 1190 1450 1231 hae
1468 1190 1506 1229 in
1525 1189 1752 1230 Definitione
1769 1189 1963 1231 condenda

494 1269 517 1290 “
541 1278 620 1305 non
644 1261 742 1303 aliud
767 1260 886 1302 forsan
910 1261 1133 1315 propofitum
1157 1257 1271 1308 fuisse,
1307 1275 1417 1313 quam
1446 1270 1487 1300 ut
1523 1259 1688 1299 methodi
1712 1257 1878 1312 plenioris
1902 1271 1963 1300 aut

495 1338 520 1358 “
545 1331 695 1372 ornatus
720 1329 975 1384 qualiscunque
1004 1330 1122 1378 causa,
1153 1328 1366 1383 praeludens
1389 1328 1516 1370 scilicet
1546 1327 1817 1368 accuratioribus
1841 1329 1910 1368 istis
1928 1344 1964 1369 e-

495 1405 519 1426 “
539 1399 691 1456 jusdem,
729 1401 886 1454 majoris,
923 1411 958 1438 et
982 1400 1131 1438 minoris
1155 1399 1302 1438 rationis
1328 1396 1612 1438 Definitionibus
1636 1412 1726 1437 mox
1749 1395 1965 1452 subjungen-

496 1474 520 1495 “
545 1470 609 1517 dis,
633 1467 840 1523 generalem
864 1468 1046 1521 quandam
1070 1479 1105 1507 et
1130 1462 1292 1527 ὄλοχεςῆ
1315 1463 1364 1506 τέ
1396 1463 1503 1516 λογέ,
1542 1466 1660 1506 ideam
1679 1465 1885 1506 discentium
1910 1469 1966 1507 in-

494 1544 519 1563 “
546 1537 704 1578 finuaret
734 1537 861 1576 animis
891 1551 953 1590 per
978 1535 1268 1590 Metaphysicam
1299 1536 1393 1575 hanc
1417 1535 1704 1582 Definitionen13
1740 1535 1968 1589 Metaphyfi-

498 1613 521 1633 “
546 1622 628 1647 cam
654 1607 747 1653 dico,
775 1621 841 1645 nec
866 1607 963 1645 enim
987 1605 1128 1658 proprie
1145 1604 1409 1644 Mathematica
1433 1605 1495 1651 est,
1522 1618 1607 1643 cum
1632 1603 1677 1643 ab
1703 1618 1743 1643 ea
1761 1602 1849 1643 nihil
1869 1606 1966 1658 quic-

499 1681 521 1702 “
548 1691 660 1730 quarn
685 1675 898 1728 dependeat,
941 1686 1002 1713 aut
1032 1674 1229 1713 deducatur
1253 1674 1290 1713 in
1314 1673 1592 1720 Mathfflnaticis,
1634 1687 1701 1712 nec
1734 1685 1774 1712 ut
1805 1674 1966 1713 existimo

499 1751 523 1771 “
548 1745 677 1785 deduci
695 1744 812 1798 poffit.
862 1742 1059 1795 cujusmodi
1083 1757 1229 1797 quoque
1254 1741 1385 1782 censeri
1408 1743 1522 1796 potest
1545 1741 1693 1795 posthac
1718 1742 1841 1781 tradita
1862 1743 1967 1782 Defi-

500 1819 523 1840 “
548 1815 639 1855 nitio
662 1811 878 1867 Analogiae,
915 1811 1097 1867 Analogia
1128 1813 1176 1851 est
1206 1812 1388 1851 rationum
1410 1810 1618 1858 fimilitudo,
1654 1826 1746 1864 quae
1768 1810 1856 1850 nulli
1879 1813 1967 1851 Ma·

502 1890 527 1909 “
553 1884 748 1924 thematico
772 1881 938 1921 deserviat
962 1880 1047 1929 usui,
1084 1896 1151 1921 nee
1176 1879 1247 1920 alio
1271 1881 1401 1934 opinor
1431 1881 1504 1919 fine
1534 1881 1758 1933 proponitur,
1795 1895 1903 1933 quam
1928 1893 1968 1920 ut

501 1957 524 1978 “
549 1968 611 2007 per
635 1967 714 1993 eam
740 1949 911 2007 generalis
936 1950 1114 2004 quaedam
1138 1948 1324 2003 analogiae
1347 1950 1460 1997 notio,
1496 1947 1604 1988 crassa
1635 1948 1716 1988 licet
1747 1961 1781 1988 et
1805 1948 1966 1999 confusa,

502 2027 525 2046 ‘⁶
552 2021 766 2075 Tyronibus
785 2021 939 2060 indatur.
976 2017 1262 2059 Definitionibus
1280 2031 1398 2058 autem
1411 2018 1586 2072 exquisitis
1598 2018 1866 2058 Mathematicis
1879 2033 1967 2058 mox

503 2096 526 2116 “
552 2090 598 2131 ab
622 2090 683 2130 illo
708 2090 897 2146 subjunelis
923 2101 997 2128 tota
1016 2090 1198 2128 rationum
1220 2089 1409 2136 Doetrina,
1435 2100 1510 2128 tota
1533 2102 1585 2127 res
1604 2087 1863 2127 Mathematica
1887 2086 1966 2127 sub·

503 2162 528 2185 “
553 2161 679 2200 nititur
693 2177 702 2206 ;
728 2161 773 2199 ad
792 2159 867 2199 illas
886 2159 991 2213 igitur
1005 2159 1224 2211 potissimum
1239 2157 1374 2197 attendi
1389 2157 1505 2204 debet,
1525 2171 1586 2210 per
1599 2156 1675 2196 illas
1688 2157 1866 2196 rationum
1881 2155 1967 2196 doc-

504 2234 526 2253 “
552 2230 642 2270 trina
664 2227 852 2284 perfeffius
875 2226 1034 2268 clucescit
1046 2245 1057 2277 5
1093 2227 1182 2268 hacc
1206 2238 1241 2267 ct
1265 2225 1465 2267 consimiles
1489 2224 1620 2280 absque
1644 2224 1793 2267 notabili
1816 2224 1967 2265 Mathe-

1845 2300 1869 2316 “
1893 2293 1967 2334 scos
