2111 2755
265 197 359 267 360

922 190 1462 243 NOTAE.

956 324 1127 363 PROP.
1162 324 1205 363 B.
1276 323 1387 364 LIB.
1423 324 1471 363 V.

555 422 660 462 Haec
684 419 792 459 etiam
816 429 861 457 ex
885 416 1112 456 Definitione
1135 418 1190 465 5²²²
1214 412 1319 455 facile
1336 415 1426 463 fluit,
1445 429 1555 468 quare
1573 416 1651 468 post
1674 419 1945 469 praecedentem

483 492 617 533 merito
641 489 788 529 locatur.
848 486 1060 540 ineptissime
1085 485 1184 525 enim
1214 483 1327 538 pofita
1352 482 1421 524 fuit
1445 496 1484 524 ut
1505 483 1746 526 Corollarium
1768 489 1874 542 Prop.
1901 503 1942 541 4.

489 560 572 602 Lib.
599 559 718 614 hujus.
774 556 861 597 Vid.
888 558 1027 596 Notam
1051 554 1097 594 ad
1121 556 1206 594 Cor.
1231 554 1305 608 ejus
1328 555 1436 607 Prop.

950 668 1126 707 PROP.
1162 667 1207 705 C.
1279 667 1390 705 LIB.
1428 666 1475 706 V.

555 763 761 819 Propositio
795 762 884 802 haec
919 759 1055 814 saepius
1089 774 1109 798 a
1141 759 1348 799 Geometris
1384 756 1580 812 usurpatur,
1619 770 1655 799 et
1689 758 1878 800 necessaria
1901 761 1951 801 est

485 838 597 890 Prop.
621 838 692 884 5tae
710 845 745 873 ct
769 831 841 871 6tae
859 829 943 870 Lib.
972 843 986 869 1
1003 843 1043 868 0.
1086 826 1227 868 Clavius
1245 828 1283 867 in
1308 827 1402 867 notis
1425 828 1503 880 post
1523 827 1611 867 Def.
1632 829 1672 867 8.
1697 829 1780 868 Lib.
1796 842 1832 878 5.
1858 845 1952 879 eam,

486 907 525 946 in
550 903 706 944 numeris
726 913 878 948 tantum,
902 898 1056 938 ostendit
1079 912 1149 951 ope
1173 895 1398 950 quarundam
1422 896 1711 950 Propofitionum
1727 897 1827 937 Libri
1850 911 1891 949 7.
1911 910 1952 938 ut

485 972 531 1014 sc.
556 972 822 1013 Definitionem
845 981 883 1017 5.
905 966 987 1006 Lib.
1012 979 1049 1016 5.
1075 978 1249 1019 quatenus
1273 966 1429 1005 numeris
1451 967 1626 1019 congruit,
1651 981 1696 1006 ex
1720 968 1762 1006 ea
1782 982 1954 1007 numero-

486 1058 569 1085 rum
594 1036 919 1095 proportionalium
950 1051 1040 1089 quae
1071 1034 1224 1074 habetur
1254 1035 1290 1074 in
1316 1031 1404 1073 Def.
1438 1047 1514 1073 20.
1538 1034 1623 1075 Lib.
1652 1048 1692 1086 7.
1720 1036 1950 1076 demonstret,

485 1111 648 1167 plerique
672 1121 792 1149 autem
815 1109 1131 1147 Commentatores
1155 1104 1355 1144 existimant
1379 1102 1523 1144 difficile
1553 1102 1622 1144 effe
1652 1104 1835 1144 ostendere
1867 1120 1954 1158 qua-

488 1194 571 1222 tuor
590 1178 855 1233 magnitudines
880 1190 973 1229 quae
992 1172 1276 1228 proportionales
1295 1171 1374 1212 sunt
1399 1171 1589 1213 secundum
1605 1171 1694 1213 Def.
1713 1186 1736 1212 2
1749 1188 1788 1212 o.
1807 1173 1892 1213 Lib.
1910 1187 1953 1225 7.

490 1246 775 1305 proportionales
795 1260 942 1300 quoquc
965 1242 1034 1283 csse
1052 1242 1247 1283 secundum
1272 1240 1361 1281 Def.
1386 1254 1424 1291 5.
1451 1241 1532 1282 Lib.
1552 1254 1589 1291 5.
1640 1242 1780 1282 Verum
1804 1243 1876 1283 hoc
1899 1241 1953 1283 fa-

489 1319 559 1359 cile
583 1331 622 1358 ut
645 1316 799 1371 sequitur
822 1314 960 1353 ostendi
985 1314 1109 1367 potest.

572 1401 672 1433 1n]o‚
697 1386 775 1425 Sint
794 1387 843 1430 A,
867 1385 908 1430 B,
929 1385 971 1430 C,
995 1385 1034 1421 D
1059 1394 1213 1433 quatuor
1237 1380 1498 1434 magnitudines
1522 1395 1675 1434 quarum
1703 1381 1816 1434 prima
1834 1383 1872 1421 A
1896 1395 1954 1420 ae-

493 1472 565 1512 que
588 1453 787 1507 multiplex,
810 1451 864 1491 vel
888 1451 1015 1491 cadem
1042 1465 1120 1504 pars
1145 1451 1193 1489 est
1219 1449 1390 1488 secundae
1415 1451 1457 1496 Β,
1483 1464 1523 1488 ac
1548 1450 1648 1489 tertia
1666 1452 1697 1490 C
1722 1463 1871 1503 quartae
1894 1452 1954 1497 D;

493 1537 598 1567 erunt
616 1527 664 1571 A,
690 1525 734 1569 B,
757 1523 801 1568 C,
823 1523 863 1559 D
883 1518 1183 1573 proportionales.
1239 1518 1516 1556 Demonstratur
1533 1517 1604 1557 hoc
1628 1519 1665 1557 in
1678 1521 1784 1571 Prop.
1804 1521 1848 1558 C.

568 1594 660 1641 ado,
688 1592 724 1631 Si
744 1588 849 1630 fuerit
869 1589 983 1642 prima
1003 1590 1069 1627 AB
1089 1586 1234 1626 eaedem
1255 1597 1367 1638 partes
1391 1584 1564 1626 secundae
1585 1589 1670 1636 CD,
1701 1602 1741 1627 ac
1766 1588 1864 1628 tertia
1887 1589 1955 1627 EF

490 1675 639 1719 quartae
665 1663 745 1701 GH
755 1679 764 1709 5
801 1660 865 1699 crit
889 1670 922 1697 et
946 1658 983 1697 in
1007 1657 1079 1696 hoc
1103 1654 1182 1696 casu
1209 1657 1281 1695 AB
1307 1654 1352 1694 ad
1378 1657 1465 1703 CD,
1502 1667 1540 1695 ut
1776 1661 1815 1707 F

497 1737 565 1775 EF
589 1733 634 1772 ad
654 1733 746 1771 GH.
1575 1701 1614 1747 Β
1861 1727 1912 1771 H

567 1804 621 1842 Sit
645 1803 717 1841 CK
742 1813 821 1854 pars
844 1797 949 1851 ipsius
969 1799 1054 1842 CD,
1083 1808 1117 1834 et
1139 1797 1212 1835 GL
1233 1794 1358 1834 cadem
1380 1807 1460 1846 pars
1487 1793 1540 1846 ip·
1925 1750 1929 1867 Ι

497 1873 564 1913 slus
589 1873 689 1918 GH3
727 1881 761 1908 ct
792 1868 835 1907 fit
865 1869 935 1907 AB
969 1880 1080 1918 aeque
1105 1863 1297 1917 multiplex
1324 1865 1406 1910 CK,
1434 1873 1539 1914 atque
1864 1870 1922 1914 Is

497 1944 565 1982 EF
591 1940 695 1994 ipsius
722 1940 808 1978 GL.
863 1938 964 1990 Ergo
989 1949 1050 1988 per
1069 1936 1176 1987 Prop.
1198 1936 1239 1972 C.
1258 1931 1341 1972 Lib.
1357 1944 1391 1980 5.
1410 1932 1457 1969 est
1470 1932 1538 1970 AB
1924 1870 1938 1979 l

498 2011 544 2050 ad
559 2012 641 2055 CK,
666 2022 703 2048 ut
719 2010 786 2047 EF
801 2006 845 2045 ad
861 2007 946 2044 GL.
990 2003 1067 2043 sunt
1087 2016 1205 2042 autem
1220 2004 1304 2050 CD,
1325 2003 1404 2041 GH
1425 2015 1539 2052 acque
1612 1994 1661 2035 A&
1697 1985 1741 2034 C
1807 1984 1849 2030 E
1892 1985 1941 2029 G

497 2078 705 2131 multiplices
728 2075 876 2130 ipsarum
890 2076 973 2121 CK,
989 2075 1082 2122 GL;
1119 2087 1229 2127 quare
1252 2086 1315 2126 per
1339 2073 1426 2111 Cor.
1447 2071 1555 2124 Prop.
1583 2080 1624 2119 4.
1645 2064 1728 2106 Lib.
1752 2079 1791 2116 5.
1818 2066 1866 2105 est
1887 2068 1957 2106 AB

496 2149 543 2189 ad
568 2149 653 2196 CD,
679 2159 717 2186 ut
742 2147 808 2185 EF
836 2145 881 2184 ad
901 2145 993 2183 GH.

1673 1759 1718 1802 D

1670 1876 1716 1920 K

1692 2274 1866 2313 PROP.
1904 2276 1955 2314 D.
