2111 2755
287 204 386 256 214
667 182 1063 236 Eucmms
1110 182 1781 237 ELEMENTORUM

913 316 1083 355 PROP.
1118 315 1261 354 XXXI.
1333 314 1568 355 THEOR.

511 405 605 511 IN
625 401 861 468 triangulis
885 401 1152 467 restangulis
1175 401 1319 466 figura
1342 401 1565 450 reffllinea
1584 419 1700 466 quae
1719 405 1770 453 fit
1789 423 1814 453 a
1832 406 1970 455 latere

597 476 768 522 redium
795 472 1014 538 angulum
1037 472 1353 528 subtendente,
1390 472 1577 536 aequale
1614 471 1675 520 est
1711 473 1772 520 eis
1808 493 1922 538 quae
1946 495 1973 524 a

515 543 730 592 lateribus
754 545 925 591 re&um
945 542 1165 609 angulum
1186 541 1522 590 continentibus
1542 542 1673 600 fiunt,
1693 540 1906 592 fimilibus
1927 560 1974 593 et

518 613 724 662 similiter
747 612 990 676 descriptis.

588 757 642 799 Sit
666 755 882 813 triangulum
906 754 1154 809 restangulum
1184 757 1298 803 ABC,
1335 759 1469 795 reflum
1504 755 1640 795 habens
1665 754 1841 811 angulum
1865 757 1977 797 BAC.

519 829 620 869 Dico
644 829 796 883 figuram
820 825 1037 866 reffilinearn
1062 839 1153 878 quae
1178 824 1218 863 fit
1241 827 1262 863 ὲ
1282 827 1346 864 BC
1370 823 1555 878 aequalem
1572 824 1641 865 effe
1665 826 1713 864 eis
1737 840 1829 880 quae
1852 828 1874 864 ὲ
1899 828 1978 873 BA,

518 900 591 940 AC
616 898 709 937 fiunt
732 895 913 943 similibus,
938 906 973 934 et
997 893 1153 933 similiter
1177 890 1365 947 descriptis.

589 970 754 1006 Ducatur
777 963 1075 1019 perpendicularis
1098 965 1198 1009 AD;
1235 964 1410 1014 quoniam
1436 963 1541 1017 igitur
1571 963 1609 1002 in
1640 960 1817 1018 triangulo
1847 966 1981 1003 reftan-

518 1034 606 1091 gulo
624 1037 724 1075 ABC
750 1033 795 1074 ab
820 1032 953 1088 angulo
977 1035 1075 1072 resto
1098 1032 1159 1085 qui
1183 1033 1231 1071 est
1255 1032 1301 1071 ad
1325 1035 1377 1080 A,
1401 1033 1446 1072 ad
1465 1034 1528 1072 BC
1551 1031 1662 1071 bafim
1686 1031 1984 1086 perpendicularis

391 1123 417 1145 ι.
431 1110 504 1143 8.6.
519 1105 626 1145 dufta
643 1105 692 1144 est
714 1106 809 1152 AD,
832 1115 936 1143 erunt
955 1108 968 1125 ³
987 1100 1164 1155 triangula
1181 1104 1304 1150 ABD,
1327 1104 1442 1142 ADC
1460 1100 1584 1141 similia
1608 1103 1673 1141 toti
1691 1103 1803 1149 ABC,
1834 1114 1869 1141 et
1892 1102 1984 1141 inter

518 1174 563 1215 se.
607 1186 643 1214 et
666 1174 839 1227 quoniam
864 1171 975 1211 simile
994 1172 1043 1211 est
1062 1172 1163 1211 ABC
1185 1170 1399 1226 triangulum
1421 1170 1598 1225 triangulo
1621 1173 1746 1218 ABD,
1770 1171 1835 1210 erit
1858 1182 1895 1210 ut
1920 1172 1983 1210 CB

382 1249 414 1282 b.
428 1249 503 1288 4.6.
520 1244 566 1284 ad
585 1244 666 1292 BA,
689 1244 737 1283 ita
753 1245 822 1282 BA
842 1242 887 1281 ad
906 1243 978 1280 BD
987 1237 1015 1279 b.
1082 1252 1117 1280 ct
1141 1242 1312 1293 quoniam
1338 1253 1404 1282 tres
1429 1245 1541 1282 rcftae
1564 1240 1678 1281 lineae
1701 1238 1984 1295 proportionales

522 1312 612 1359 sunt,
638 1323 678 1351 ut
696 1312 813 1364 prima
831 1311 875 1350 ad
901 1311 1053 1358 tertiam,
1078 1311 1127 1349 ita
1145 1312 1208 1349 erit
1229 1311 1341 1364 figura
1547 1355 1614 1410 Α

526 1395 618 1433 quae
637 1380 677 1419 fit
694 1381 717 1418 ὲ
737 1380 849 1432 prima
869 1379 915 1417 ad
933 1393 1012 1417 eam
1027 1393 1118 1431 quae
1136 1380 1159 1416 Ξῖ
1178 1378 1343 1426 secunda,

298 1463 512 1492 e.2.c0r.20.6.
527 1448 691 1495 similem,
710 1459 745 1487 et
764 1446 920 1487 similiter
938 1446 1147 1500 descr1ptam
1156 1452 1181 1486 Ε.
1220 1459 1259 1487 ut
1282 1447 1345 1501 igi-

527 1530 584 1558 tur
607 1519 670 1557 CB
690 1518 735 1556 ad
758 1518 844 1563 BD,
869 1517 916 1555 ita
942 1516 1056 1569 figura
1075 1530 1165 1568 quae
1185 1517 1224 1555 fit
1242 1519 1264 1554 ὲ
1283 1518 1346 1555 CB

527 1587 573 1626 ad
594 1601 674 1626 eam
694 1600 784 1639 quae
804 1586 846 1624 fit
869 1599 891 1623 a
906 1587 987 1632 BA,
1006 1583 1157 1623 similem
1175 1596 1210 1624 et
1229 1583 1347 1624 simili-

392 1667 466 1696 d.}3.
482 1672 510 1705 5.
527 1668 580 1697 ter
608 1654 826 1709 descriptam.
876 1666 910 1693 et
934 1653 1144 1693 invertendo
1154 1648 1183 1701 d,
1214 1665 1252 1693 ut
1277 1655 1347 1692 DB

526 1726 572 1766 ad
590 1727 666 1773 BC,
691 1726 738 1764 ita
764 1724 878 1778 figura
897 1738 988 1776 quae
1009 1723 1048 1761 fit
1068 1724 1089 1760 Ξῑ
1110 1724 1184 1762 BA
1205 1723 1248 1762 ad
1267 1737 1346 1762 eam

524 1809 618 1849 quae
641 1796 663 1833 ἐι
682 1796 757 1834 BC.
818 1793 945 1832 eadem
970 1791 1119 1838 ratione,
1139 1804 1173 1831 et
1196 1805 1235 1831 ut
1255 1793 1328 1831 DC
1348 1790 1393 1830 ad
1413 1792 1487 1836 CB,
1509 1790 1557 1829 ita
1583 1790 1693 1844 figura
1711 1803 1801 1842 quae
1820 1789 1862 1827 fit
1878 1790 1901 1828 ὲ
1915 1791 1983 1830 CA

524 1865 569 1904 ad
593 1879 675 1904 eam
699 1877 791 1918 quae
811 1863 850 1901 fit
873 1863 895 1900 Ξῖ
921 1863 995 1901 CB.
1055 1875 1162 1913 quare
1182 1873 1216 1899 et
1235 1873 1274 1899 ut
1293 1862 1375 1907 BD,
1402 1861 1475 1899 DC
1494 1858 1595 1898 simul
1620 1858 1665 1897 ad
1683 1860 1759 1905 BC,
1784 1858 1830 1896 ita
1850 1859 1983 1912 figurae

366 1957 393 1976 e.
412 1954 462 1983 24.
478 1953 508 1984 5.
524 1948 614 1986 quae
638 1935 659 1972 ἐι
678 1935 759 1981 BA,
783 1933 855 1972 AC
874 1931 918 1970 ad
943 1944 1022 1969 eam
1041 1944 1132 1983 quae
1152 1932 1173 1968 Ξι
1193 1932 1256 1969 BC
1265 1935 1290 1968 Ε.
1338 1927 1499 1981 aequales
1519 1941 1637 1967 autem
1657 1925 1737 1966 finit
1749 1928 1833 1974 BD,
1851 1929 1923 1967 DC
1942 1927 1985 1966 fi-

524 2001 598 2041 mul
616 2002 680 2056 ipsi
694 2004 768 2042 BC.
811 2014 897 2056 ergo
917 2001 1030 2055 figura
1048 2014 1140 2052 quae
1159 2000 1199 2038 fit
1222 2002 1244 2038 {1
1268 2000 1330 2038 BC
1351 1997 1504 2051 aequalis
1529 1998 1577 2036 est
1601 1997 1641 2036 iis
1665 2011 1756 2049 quae
1775 1998 1798 2034 Ξ),
1815 1998 1895 2044 BA,
1912 1997 1982 2036 AC

383 2083 408 2115 f.
425 2086 462 2113 A.
481 2090 510 2123 5.
527 2070 619 2110 fiunt
629 2067 648 2118 f,
663 2070 846 2120 fimilibus,
861 2082 895 2110 et
908 2069 1068 2111 similiter
1083 2067 1268 2124 descriptis.
1320 2070 1363 2108 In
1377 2065 1561 2122 triangulis
1574 2067 1677 2122 Igitur
1690 2064 1896 2119 restangulis
1910 2064 1983 2104 &c.

526 2141 584 2193 Q
602 2142 648 2180 E.
672 2142 725 2180 D.

1615 2273 1642 2312 P
1653 2272 1690 2310 R
1701 2271 1736 2310 O
1746 2272 1785 2310 P.
1822 2271 1982 2312 XXXII.
