2111 2755
245 196 345 251 330
637 169 1033 226 EUCLIDIS
1080 167 1752 222 ELEMENTORUM

465 277 500 308 et
523 276 710 321 propterea
734 258 1016 313 quadrilaterum
1040 259 1177 300 SOPT
1206 260 1244 300 in
1274 275 1351 301 uno
1374 262 1439 301 erit
1461 260 1582 314 plano.
1641 263 1768 304 eadem
1793 262 1928 303 ratione

467 332 744 390 quadrilaterum
768 330 919 369 TPRY
954 329 1002 368 est
1032 329 1070 369 in
1101 344 1177 370 uno
1205 328 1328 383 plano.
1386 331 1435 370 cst
1459 342 1578 370 autem
1599 331 1637 370 in
1660 347 1737 372 uno
1756 331 1864 386 plano
1890 333 1931 371 fi-

318 416 339 449 i.
357 423 451 450 2,11.
469 418 558 460 gnra
576 396 722 441 YRXi.
771 398 797 438 fi
822 399 926 453 igitur
951 413 971 438 a
995 399 1134 452 punffls
1159 400 1208 447 O,
1233 401 1268 447 S,
1287 401 1329 447 P,
1355 399 1408 447 T,
1427 402 1476 447 R,
1494 402 1533 438 Y
1552 400 1597 440 ad
1619 402 1657 440 A
1677 401 1796 441 dustas
1821 406 1931 441 reftas

468 473 578 514 lineas
602 467 855 522 intelligamUS‚
890 468 1121 509 constituetur
1156 468 1334 522 quaedam
1371 468 1484 524 figura
1515 467 1626 508 solida
1649 467 1820 522 polyedra
1843 471 1934 510 inter

468 536 772 583 circumferentias
790 539 870 586 ΒΧ,
889 539 976 585 ΚΧ,
996 552 1040 577 ex
1059 537 1308 592 pyramidibus
1333 537 1541 592 compoffia,
1567 552 1720 592 quarum
1739 537 1836 578 bases
1855 539 1932 592 qui-

471 611 556 666 dem
579 609 727 659 KBOS,
749 608 900 656 SOPT,
933 608 1081 648 TPRY
1105 606 1356 663 quadrilatera,
1394 619 1430 648 et
1453 606 1674 662 triangulum
1697 609 1825 656 YRX,
1860 620 1935 648 ver-

473 1798 534 1827 tex
563 1794 686 1824 autem
716 1783 892 1836 punRum
920 1782 971 1822 A.
1027 1780 1055 1821 fi
1092 1792 1213 1821 autem
1243 1781 1281 1820 in
1312 1791 1536 1833 unoquoque
1561 1777 1711 1819 laterum
1736 1782 1820 1828 KL,
1847 1783 1941 1832 LM,

473 1857 559 1896 ME
584 1852 894 1908 quemadmodum
919 1852 956 1891 in
981 1851 1052 1890 ΒΚ
1075 1851 1201 1891 eadem
1226 1851 1481 1896 construamUS,
1518 1861 1552 1888 et
1588 1849 1696 1888 etiam
1731 1850 1767 1889 in
1799 1849 1940 1904 reliquis

476 1924 587 1964 tribus
599 1921 867 1977 quadrantibus,
882 1921 965 1960 etin
982 1919 1120 1974 reliquo
1134 1918 1436 1974 haemisphaeri03
1460 1918 1688 1957 constituetur
1702 1919 1817 1973 figura
1830 1934 1940 1973 quae-

477 1992 563 2032 dam
586 1992 698 2032 solida
721 1990 893 2046 polyedra
917 1990 955 2030 in
979 1988 1124 2043 sphaera
1149 1989 1328 2043 descripta,
1356 2000 1391 2028 et
1409 1987 1607 2041 composita
1624 2002 1668 2026 ex
1687 1988 1940 2041 pyramidibus,

477 2075 628 2113 quarum
652 2060 750 2100 bases
774 2058 853 2100 sunt
876 2058 1114 2114 quadrilatera
1136 2061 1213 2114 jam
1234 2059 1335 2106 dieta,
1356 2069 1391 2097 et
1409 2059 1526 2097 YRX
1545 2057 1773 2111 triangulum,
1793 2069 1829 2098 et
1846 2072 1940 2110 quae

475 2129 631 2184 ejusdem
653 2130 788 2169 ordinis
811 2130 903 2178 sunt,
928 2141 1050 2170 vertex
1073 2141 1192 2169 autem
1215 2132 1253 2169 A
1274 2132 1457 2182 punstum.
1510 2128 1636 2166 Diftae
1660 2138 1779 2166 autem
1804 2127 1939 2181 figurae

475 2197 670 2254 polyedrae
692 2196 887 2253 superficies
910 2214 987 2242 non
1012 2200 1162 2255 attinget
1184 2200 1365 2240 minorem
1389 2197 1576 2252 sphaeram
1599 2196 1637 2237 in
1660 2210 1730 2251 qua
1754 2196 1803 2236 est
1826 2196 1940 2236 circu-

1884 2263 1940 2306 lus
