2111 2755
488 173 775 225 LIBER
834 171 1214 229 SEXTUS.
1709 194 1798 245 195

129 270 191 327 ipfi
215 271 262 318 E,
287 279 323 309 et
343 268 423 309 AG
442 266 510 322 'ipfi
533 269 576 307 F.
624 278 666 307 ut
686 267 791 322 igitur
813 268 879 307 AB
904 267 950 308 ad
968 268 1053 317 CD,
1077 268 1124 308 ita
1143 267 1178 307 E
1198 265 1242 306 ad
1262 266 1304 306 F.
1341 279 1426 321 ergo
1444 265 1470 307 fi
1489 280 1575 321 qua-

130 353 212 382 tuor
234 342 346 380 reetae
370 337 442 377 &c.
490 337 550 388 Q
569 338 615 376 E.
641 337 692 375 D.

523 448 693 487 PROP.
728 447 851 485 XVII.
925 443 1159 486 THEOR.

128 537 225 641 SI
246 550 333 585 tres
356 535 497 583 reetae
519 532 662 579 lineae
685 530 1039 594 proportionales
1063 531 1247 589 fuerint,
1266 533 1573 597 reetangulum

227 607 283 653 ab
301 602 512 653 extremis
532 613 802 650 contentum
822 599 1007 663 aequale
1026 599 1087 646 est
1106 600 1147 646 ei
1170 602 1294 663 quod
1309 618 1334 648 a
1357 602 1507 650 media
1524 604 1578 652 fit

125 676 366 741 q:uadrato
406 688 456 720 et
486 669 520 718 fi
548 668 857 733 reetangulum
890 668 946 716 ab
971 668 1182 716 extremis
1214 684 1484 718 contentum
1508 689 1576 719 ae

124 744 258 809 quale
281 741 418 789 fuent
442 738 482 785 ei
506 737 631 801 quod
655 753 682 783 a
704 735 856 784 media
885 737 937 785 fit
968 733 1204 801 quadram,
1242 751 1331 786 tres
1362 741 1504 788 reetae
1527 740 1577 787 li

124 829 234 861 neae
257 806 613 875 proportionales
637 819 783 854 erunt.

191 956 270 997 Sint
294 965 360 995 tres
378 955 492 992 reetae
515 949 628 991 lineae
651 948 934 1004 proportionales
956 950 1007 997 A,
1025 950 1068 997 B,
1086 951 1136 996 (ἰ,-
1172 947 1214 988 fit
1245 947 1371 989 scilicet
1396 960 1436 989 ut
1462 952 1501 991 A
1531 951 1577 991 ad

122 1024 165 1073 Β,
190 1024 239 1064 ita
257 1025 288 1063 B
308 1023 353 1063 ad
373 1024 424 1069 C;
461 1021 543 1060 dico
560 1017 806 1073 reetangulum
824 1029 1036 1059 contentum
1056 1018 1157 1058 rearis
1174 1020 1223 1067 A,
1244 1019 1275 1057 C
1296 1017 1441 1073 aequale
1459 1018 1528 1060 effe
1546 1020 1578 1060 ei

125 1092 227 1148 quod
251 1094 273 1130 {1
297 1091 413 1131 media
437 1091 468 1129 B
493 1089 534 1128 fit
556 1088 743 1141 quadrato.

192 1164 351 1200 Ponatur
374 1158 437 1213 ipfi
461 1159 492 1197 B
516 1156 669 1210 aequalis
694 1158 751 1203 D,
787 1168 821 1195 et
839 1157 1012 1209 quoniam
1036 1167 1074 1196 ut
1095 1157 1134 1196 A
1154 1155 1201 1196 ad
1218 1157 1260 1205 B,
1280 1157 1327 1196 ita
1345 1157 1376 1197 B
1395 1156 1440 1197 ad
1458 1157 1502 1206 C,
1520 1171 1577 1198 ae-

122 1228 240 1284 qualis
261 1240 380 1267 autem
404 1228 452 1267 est
469 1228 500 1266 B
518 1225 582 1279 ipfi
602 1227 660 1273 D·
684 1225 783 1264 erit³
802 1236 841 1264 ut
880 1237 921 1277 A

128 1301 168 1339 A
199 1297 243 1336 ad
273 1298 316 1344 B,
346 1296 394 1334 ita
426 1293 539 1333 Dad
572 1295 617 1332 C.
670 1291 840 1333 fiautem
878 1303 919 1345 Β

126 1379 278 1421 quatuor
294 1367 407 1403 reetae
425 1361 538 1402 lineae
555 1359 837 1415 proportionales
876 1358 1103 1397 D.-—-.-

125 1434 269 1481 fuerint,
309 1429 556 1486 reetangulum
593 1429 639 1469 ab
676 1429 840 1469 extremis

124 1513 336 1545 contentum
367 1501 415 1539 est
449 1498 597 1553 aequale
626 1499 658 1537 ei
690 1498 790 1551 quod
817 1500 839 1536 {1

123 1571 249 1612 mediis
273 1569 475 1609 continetur
486 1564 513 1606 b.
578 1569 679 1620 Ergo
707 1570 840 1605 reetan-
1585 1584 1614 1616 b
1635 1584 1683 1616 16
1698 1584 1727 1616 5

122 1639 244 1696 guium
279 1638 377 1677 reetis
400 1639 449 1684 A,
485 1637 517 1675 C
552 1646 762 1675 contentum
791 1635 839 1672 est

123 1707 272 1762 aequale
302 1708 333 1746 ei
357 1705 457 1759 quod
481 1705 683 1744 continetur
706 1701 786 1756 ipfis
815 1704 856 1749 Β,
883 1703 933 1740 D.
1000 1697 1058 1738 sed
1088 1696 1331 1752 re&angulum
1357 1710 1572 1740 contenttun

124 1778 222 1818 reffls
245 1777 287 1823 B,
308 1777 348 1814 D
372 1775 420 1813 est
439 1772 584 1827 aequale
609 1772 784 1826 quadrato
808 1769 905 1824 quod
929 1769 968 1808 fit
993 1782 1036 1807 ex
1059 1765 1129 1820 ipsa
1152 1768 1181 1805 B
1192 1784 1202 1814 ;
1238 1768 1370 1806 etenim
1393 1770 1424 1806 Β
1442 1769 1490 1807 est
1514 1783 1570 1808 ae·-

125 1844 235 1900 qualis
259 1846 309 1883 D.
364 1841 611 1896 reetangulum
641 1841 746 1894 igitur
769 1849 978 1879 contentum
1014 1836 1112 1876 reetis
1135 1837 1184 1884 A,
1221 1837 1253 1875 C
1283 1837 1333 1876 est
1364 1834 1507 1891 aequale
1538 1837 1569 1876 ei

1584 1237 1683 1270 a.7.5
1665 1237 1695 1270 ς,

123 1913 221 1968 quod
240 1927 283 1951 ex
304 1914 334 1950 B
360 1912 399 1950 fit
423 1910 607 1963 quadrato.

189 1981 258 2022 Sed
284 1979 324 2018 fit
347 1978 590 2032 1·e6tangulum
621 1990 832 2018 contentum
865 1976 964 2015 renis
987 1976 1036 2021 A,
1066 1976 1100 2014 C
1127 1973 1271 2027 aequale
1296 1974 1327 2014 ei
1351 1974 1448 2028 quod
1472 1989 1515 2013 ex
1538 1976 1568 2014 B

124 2053 164 2093 fit
183 2049 373 2104 quadrat03
415 2048 494 2086 dico
513 2059 553 2086 ut
574 2049 612 2086 A
631 2047 674 2085 ad
692 2048 734 2093 Β,
753 2047 799 2084 ita
824 2043 891 2084 effe
915 2045 945 2082 B
971 2043 1016 2082 ad
1036 2044 1079 2081 C.

190 2118 317 2159 Iisdem
341 2117 437 2156 enim
461 2116 675 2162 construens,
699 2115 869 2167 quoniam
894 2110 1135 2165 reetangulum
1159 2123 1368 2151 contentum
1391 2113 1441 2159 A,
1461 2113 1492 2150 C
1512 2125 1566 2149 ae-

121 2187 225 2244 quale
249 2187 296 2227 est
315 2184 487 2239 quadrato
512 2185 610 2238 quod
630 2184 670 2223 fit
694 2198 736 2222 cx
759 2184 800 2229 B,
825 2194 860 2220 at
883 2181 1092 2234 quadratum
1117 2181 1213 2234 quod
1239 2181 1279 2221 fit
1303 2196 1344 2221 ex
1370 2182 1399 2219 B
1422 2180 1469 2217 est
1493 2192 1567 2217 rec⁶

768 2252 797 2289 B
823 2249 847 2289 b
887 2262 910 2288 2
1380 2245 1564 2300 {angulum
