2111 2755
346 856 373 877 a.
390 855 481 888 ²0·3·

350 2238 483 2267 a.32.1.

666 205 1060 258 EUCLIDIS
1107 203 1771 256 ELEMENTORUM

562 298 614 337 Sit
636 295 785 336 circulus
803 296 957 341 ABCD,
977 305 1011 332 et
1029 294 1066 332 in
1084 293 1214 333 eodem
1237 291 1422 346 segmento
1434 295 1584 334 BAED
1599 295 1717 350 anguli
1741 295 1809 335 fint
1827 296 1950 341 BAD,

495 369 623 412 BED;
660 365 741 404 dico
765 378 825 402 eos
849 363 940 402 inter
964 361 997 401 se
1022 361 1182 415 aequales
1207 360 1287 400 effe.
1628 376 1680 416 A

564 436 732 474 Sumatur
756 432 854 471 enim
876 430 994 470 circuli
1014 433 1153 471 ABCD
1171 443 1343 478 centrum,
1369 429 1481 483 fitque
1665 419 1803 512 V
1817 395 1857 438 Ε

496 506 539 543 F.
576 514 610 540 et
630 502 758 555 primo,
780 501 823 540 fit
843 502 987 540 BAED
1007 499 1229 553 segmentum
1247 501 1364 553 majus
1382 498 1482 538 semi-

495 569 643 618 circulo,
664 581 699 609 et
717 571 915 624 jungantur
933 571 1008 616 BF,
1033 571 1063 607 F
1067 571 1117 608 D.
1168 580 1203 608 et
1222 569 1395 622 quoniam
1420 582 1482 607 an-

494 638 596 694 gulus
619 639 764 691 quidem
776 640 879 677 BFD
894 639 941 676 est
966 637 1011 676 ad
1034 650 1206 683 centrum,
1231 635 1377 689 angulus
1397 650 1483 675 vero
1506 653 1542 696 B
1577 587 1852 672 Α
1882 650 1920 693 D

495 710 606 748 BAD
639 707 684 746 ad
720 705 1051 753 circumferentiam,
1089 718 1124 745 et
1159 703 1483 745 circumferentiam
1574 672 1859 752 v

495 776 649 817 eandem
672 778 779 816 BCD
803 790 870 828 pro
889 774 961 813 bafi
985 773 1133 823 habent,
1158 775 1221 813 erit
1241 776 1346 813 BFD
1370 789 1484 827 angu-
1697 759 1737 798 C

499 844 553 886 lus
578 843 698 899 anguli
722 846 829 884 BAD
855 842 982 897 duplus
992 849 1016 882 ⁵¹.
1055 843 1179 882 eadem
1201 843 1338 882 ratione
1358 840 1504 895 angulus
1517 842 1622 880 BFD
1637 839 1766 894 duplus
1785 842 1833 880 est
1851 843 1958 882 etiam

498 914 619 970 anguli
642 916 764 953 BED.
825 911 976 967 angulus
999 913 1102 966 igitur
1125 913 1242 951 BAD
1266 909 1397 964 angulo
1415 913 1524 949 BED
1549 908 1703 964 aequalis
1727 911 1802 949 erit.

567 985 619 1023 Sit
641 997 726 1020 vero
749 981 972 1035 segmentum
995 983 1143 1019 BAED
1167 995 1245 1019 non
1268 980 1383 1033 majus
1407 977 1635 1027 semicirculo,
1674 991 1709 1018 et
1732 980 1769 1019 in
1793 978 1867 1034 ipso
1890 978 1959 1019 fint

498 1050 619 1106 anguli
641 1052 761 1097 BAD,
782 1052 904 1098 BED,
930 1061 1035 1089 erunt
1060 1049 1097 1088 hi
1121 1050 1212 1088 inter
1236 1047 1269 1088 se
1293 1046 1468 1102 aequales.
1642 1058 1693 1099 A
1749 1058 1782 1098 Ε

498 1121 544 1160 ad
568 1131 734 1160 centrum
758 1120 855 1158 enim
875 1121 906 1158 F
931 1119 1078 1158 ducatur
1097 1120 1180 1166 AF,
1199 1130 1234 1158 et
1256 1117 1470 1171 producatur
1684 1108 1871 1196 “N

499 1190 545 1230 ad
557 1191 600 1237 C,
616 1201 650 1228 et
663 1191 729 1228 CE
750 1190 931 1242 jungatur.
972 1187 1196 1242 segmentum
1216 1188 1321 1240 igitur
1334 1188 1469 1227 BAEC
1511 1176 1551 1224 Β
1584 1147 1703 1200 Δ
1761 1152 1867 1202 μ
1889 1182 1931 1228 D

499 1260 617 1313 majus
641 1259 690 1297 est
714 1256 942 1305 semicirculo,
962 1271 1076 1310 quare
1095 1255 1215 1311 anguli
1233 1257 1271 1295 in
1289 1270 1334 1295 eo
1346 1257 1468 1304 BAC,

499 1329 598 1367 BEC
623 1326 702 1364 sunt
726 1328 817 1365 inter
840 1325 873 1365 se
897 1325 1073 1378 aequales,
1111 1326 1236 1365 eadem
1257 1326 1393 1363 ratione
1412 1339 1470 1362 ae·
1762 1201 1891 1436 ,

500 1393 622 1448 quales
646 1395 738 1433 inter
761 1393 793 1433 se
812 1393 892 1433 sunt
911 1392 1031 1447 anguli
1057 1395 1184 1440 CAD,
1209 1395 1327 1431 CED.
1374 1403 1468 1431 totus
1691 1444 1697 1446 ὴ

499 1464 605 1517 igitur
629 1462 778 1517 angulus
796 1465 907 1502 BAD
932 1463 996 1500 toti
1020 1464 1128 1500 BED
1148 1463 1196 1500 est
1219 1460 1384 1513 aequalis
1428 1461 1466 1499 in
1718 1446 1723 1447 ⁷
1745 1447 1782 1485 C

499 1531 631 1571 circulo
654 1532 759 1585 igitur
777 1533 838 1585 qui
861 1532 898 1570 in
923 1531 1051 1570 eodem
1075 1529 1258 1585 segmento
1277 1527 1354 1569 sunt
1373 1528 1505 1583 anguli,
1525 1528 1616 1569 inter
1634 1525 1667 1566 se
1688 1525 1848 1580 aequales
1866 1525 1956 1568 sunt²

501 1602 622 1654 QE.
649 1602 699 1639 D.

890 1695 1062 1734 PROP.
1098 1696 1223 1734 xxn.
1296 1694 1534 1734 THEOR.

608 1799 1075 1847 UADRILATERORUM
1116 1817 1230 1864 quae
1261 1800 1308 1845 in
1345 1799 1521 1846 circulis
1543 1799 1660 1855 sunt,
1693 1797 1846 1863 anguli
1881 1813 1958 1860 op-

643 1868 775 1932 pofiti
798 1870 901 1917 sunt
926 1870 1105 1917 duobus¹
1127 1869 1253 1917 reffis
1280 1868 1500 1931 aequales.

570 2013 622 2051 Sit
644 2011 796 2051 circulus
824 2015 979 2061 ABCD,
1005 2025 1039 2052 et
1056 2014 1093 2052 in
1117 2011 1191 2066 ipso
1215 2010 1490 2065 quadrilaterum
1507 2012 1648 2050 ABCD
1660 2028 1671 2058 5
1707 2010 1788 2049 dico
1811 2007 1959 2062 angulos

500 2080 605 2133 ipsius
629 2081 809 2133 oppositos
835 2082 978 2120 duobus
1003 2083 1102 2121 reelis
1127 2080 1291 2134 aequales
1315 2079 1395 2120 esse.

570 2152 772 2203 Jungantur
800 2152 883 2197 AC,
913 2153 1003 2197 BD;
1038 2152 1211 2203 quoniam
1243 2151 1347 2203 igitur
1383 2150 1501 2188 omnis
1538 2145 1703 2200 trianguli
1740 2157 1807 2184 tres
1840 2145 1959 2200 anguli

501 2218 639 2258 duobus
663 2218 762 2258 seclis
786 2216 864 2257 sunt
888 2218 1050 2272 aequales
1060 2225 1084 2267 ³,
1127 2231 1229 2259 erunt
1265 2216 1429 2272 trianguli
1452 2218 1553 2257 ABC
1589 2227 1656 2255 tres
1691 2214 1812 2269 anguli
1838 2217 1957 2263 CAR,

1845 2286 1957 2334 ABG,
