2111 2755
445 195 728 244 LIBER
787 190 1247 259 QUINTUS.
1703 204 1789 254 143

561 326 729 364 PROP.
769 326 812 363 B.
885 325 1119 364 THEOR.

119 417 199 513 SI
233 427 427 477 quatuor
451 411 784 475 magnitudines
822 409 1174 474 proportionales
1208 406 1389 464 fuerint,
1426 420 1473 455 et
1497 405 1562 454 in·

224 483 340 530 verse
369 480 720 544 proportionales
746 493 890 525 erunt.

182 626 234 665 Sit
257 628 293 665 A
318 625 362 663 ad
383 626 425 670 Β,
450 633 489 660 ut
514 623 545 660 C
570 620 614 659 ad
634 622 690 667 D3
725 620 788 658 erit
812 618 945 657 inverse
969 619 998 655 B
1022 616 1066 654 ad
1096 618 1145 663 A,
1169 629 1207 656 ut
1226 620 1264 656 D
1289 617 1333 656 ad
1359 620 1402 657 C.

183 696 372 733 Sumantur
396 691 491 730 euim
515 688 668 742 ipsarum
686 690 728 734 Β,
756 690 807 734 Ι),
835 701 945 739 aeque
963 682 1171 736 multiplices
1191 699 1426 738 quaecunque
1447 688 1492 733 E,
1514 687 1545 725 F
1553 702 1563 733 ;

115 774 150 802 et
174 760 323 814 ipsarum
352 762 402 805 A,
430 760 473 804 C,
510 756 598 795 aliae
621 768 803 807 utcunque
828 769 939 806 aeque
963 751 1174 805 multiplices

116 833 168 877 G,
192 831 243 869 H.
281 840 316 867 et
339 827 496 880 primum
521 824 561 863 fit
583 827 617 863 E
641 824 758 877 major
777 825 835 871 G;
860 822 922 862 erit
941 822 1096 875 igiturG
1111 821 1176 859 mi-

111 913 179 939 nor
201 900 235 936 E
245 915 254 944 ;
290 908 325 936 et
360 894 534 948 quoniam
565 894 613 932 est
637 895 674 932 A
700 892 744 931 ad
768 894 809 939 B,
845 903 884 930 ut
921 892 953 930 C
977 889 1022 928 ad
1052 891 1103 937 D,
1140 901 1175 928 et

113 965 265 1020 ipsarum
299 966 350 1012 A,
382 965 414 1002 C
445 977 556 1015 aeque
593 959 806 1013 multIplices
835 958 990 1012 simxptae
1020 956 1099 996 sunt
1122 959 1174 1004 G,

110 1038 170 1082 H,·
206 1046 241 1073 et
275 1031 426 1087 ipsarum
461 1033 504 1078 B,
543 1032 583 1069 D
624 1028 710 1068 aliae
745 1043 856 1081 aeque
892 1025 1100 1079 multiplices
1124 1027 1171 1072 E,

111 1106 163 1151 F;
199 1115 233 1141 et
258 1102 305 1140 est
331 1103 370 1139 G
396 1100 513 1138 minor
531 1100 578 1146 Ε,
603 1097 666 1136 erit
686 1099 725 1136 H
750 1098 868 1136 minor
887 1098 958 1143 ΙΝ,
994 1108 1102 1148 quare
1125 1094 1174 1132 est
1249 1118 1292 1156 G
1323 963 1365 1157 li&
1399 1114 1442 1156 B
1482 1110 1523 1157 E
1655 1132 1681 1161 D
1700 1128 1717 1163 f
1760 1130 1762 1133 ⁸

111 1173 144 1210 F
168 1171 282 1225 major
305 1171 357 1208 H.
417 1167 444 1206 fi
467 1168 571 1221 igitur
595 1168 631 1205 E
654 1166 769 1219 major
799 1165 841 1204 fit
864 1166 915 1211 G,
948 1175 982 1203 et
1004 1165 1036 1202 F
1067 1177 1174 1215 quam
1251 1173 1295 1212 Η
1322 1171 1359 1213 0
1402 1171 1440 1211 D
1484 1170 1527 1211 F
1575 1139 1646 1172 ις’
1684 1140 1698 1161 ⁰
1715 1138 1761 1172 '5‘

111 1241 152 1279 H
176 1239 291 1292 major
315 1237 392 1276 erit.
434 1234 602 1282 similiter,
626 1233 652 1272 fi
672 1237 707 1273 E
732 1232 885 1287 aequalis
909 1230 1015 1271 fuerit
1033 1230 1096 1284 ipsl
1121 1232 1171 1278 G,
1341 1221 1349 1321 Ι
1415 1219 1425 1342 Ι

112 1306 316 1347 ostendetur
338 1306 370 1343 F
396 1302 548 1355 aequalis
572 1301 635 1355 ipsi
664 1304 721 1348 H;
757 1314 791 1341 et
822 1301 848 1341 fi
878 1302 1011 1348 minor,
1041 1300 1171 1338 minor.

110 1373 261 1428 suntque
283 1376 330 1421 E,
350 1374 382 1411 F
402 1370 553 1424 ipsarum
571 1372 613 1418 B,
637 1372 688 1418 D,
713 1381 896 1422 utcunque
918 1382 1030 1421 aeque
1053 1365 1173 1406 multi-

111 1442 239 1497 plices;
274 1454 309 1481 et
334 1443 386 1488 G,
409 1442 449 1479 H
473 1437 622 1492 ipsarum
651 1440 702 1486 A,
726 1440 770 1485 C,
797 1436 886 1477 aliae
909 1448 1092 1489 utcunque
1115 1449 1172 1474 ae-

114 1526 185 1564 que
204 1508 427 1563 multiplices.
470 1509 573 1561 Ergo
596 1519 637 1546 ut
654 1509 685 1545 Β
709 1507 753 1546 ad
773 1510 819 1554 A,
844 1507 891 1545 ita
908 1506 957 1545 est
982 1507 1022 1544 D
1046 1503 1091 1543 ad
1110 1504 1176 1542 ΟΞ.
1226 1500 1263 1540 Si
1287 1499 1392 1554 igitur
1409 1508 1561 1551 quatuor

113 1578 374 1634 magnitudines
398 1574 679 1629 proportionales
702 1573 844 1624 fuerint,
874 1586 911 1614 et
932 1574 1066 1614 inverse
1090 1567 1371 1626 proportionales
1394 1576 1508 1607 erunt.

1310 1839 1480 1880 PROP.
1516 1838 1560 1877 C.
