2111 2755
673 182 1207 232 NOTAE.

255 278 306 317 Sit
328 279 368 316 D
393 289 526 330 quarta,
551 278 616 316 erit
640 278 742 331 igitur
767 279 807 316 D
826 279 946 317 minor
969 277 1047 330 ipfis
1066 281 1114 324 A,
1139 281 1180 326 B,
1204 280 1235 318 C
1260 277 1376 319 fimul.
1438 279 1480 320 fit
1501 283 1539 322 A
1562 296 1639 325 non

184 345 304 385 minor
329 347 457 384 utrfivis
481 360 524 384 ex
548 345 626 398 ipsis
650 348 691 393 Β,
717 347 768 391 C;
804 358 838 385 et
861 347 1014 399 primum
1040 346 1108 385 sint
1131 350 1172 394 B,
1200 349 1232 386 C
1256 346 1358 386 fimul
1382 362 1458 388 non
1482 350 1638 393 minores

182 414 257 466 ips-51
283 417 338 460 A;
374 426 476 453 crunt
500 415 601 468 igitur
624 416 665 462 B,
687 416 729 461 C,
750 416 789 453 D
814 413 916 453 simul
940 416 1092 468 majores
1116 430 1225 469 quam
1248 418 1299 455 A.
1350 428 1385 455 et
1408 420 1581 469 quoniam
1599 424 1637 462 A

179 497 255 521 non
281 484 400 521 minor
424 484 472 521 cst
494 485 535 528 B,
561 494 661 521 erunt
683 485 732 530 A,
759 484 802 529 C,
827 485 866 521 D
890 483 1042 536 majores
1066 499 1173 536 quam
1196 486 1237 523 B.
1292 482 1449 524 fimilitcr
1473 488 1635 528 ostende-

180 562 236 589 tur
259 549 346 603 ipsas
370 554 418 598 A,
442 553 482 598 Β,
507 553 546 589 D
570 549 672 589 fimul
696 551 848 604 majores
871 549 940 589 effe
963 565 1070 602 quam
1096 554 1137 590 C.
1188 553 1298 604 Igitur
1327 553 1363 592 in
1394 553 1474 594 casu
1507 571 1581 610 quo
1603 559 1634 596 B

179 630 214 657 ct
239 620 269 657 C
296 618 398 658 simul
422 634 498 658 non
522 620 679 658 minores
702 617 780 658 sunt
805 619 878 671 ipsii
903 621 951 666 A,
984 620 1122 671 quaevis
1150 622 1189 659 D
1214 635 1308 673 quae
1331 622 1450 662 minor
1475 625 1524 664 est
1553 624 1633 678 ipsis

182 689 233 734 A,
252 689 293 734 Β,
318 689 349 727 C
373 686 487 735 simul,
513 687 735 739 propositum
760 687 900 726 efficiet.

246 756 282 795 Si
306 770 390 794 vcro
413 758 443 794 Β
468 767 502 793 et
525 756 557 793 C
581 753 683 793 fimul
711 755 865 793 minores
891 754 959 793 fint
983 770 1091 807 quam
1112 759 1159 802 A,
1184 759 1355 809 quoniam
1380 760 1567 813 requiritur
1593 774 1631 802 ut

173 825 216 871 B,
240 825 283 870 C,
311 825 349 862 D
375 822 480 863 simul
499 823 649 876 majores
674 822 742 862 {int
764 826 812 870 A,
836 837 879 862 ex
902 821 994 862 hisce
1018 823 1143 863 ablatis
1167 826 1208 872 Β,
1228 827 1259 863 C
1284 827 1348 865 erit
1372 830 1411 866 D
1435 830 1553 882 major
1571 845 1630 870 ex-

174 889 266 930 cessu
285 891 388 944 ipsius
404 894 442 931 A
465 890 564 944 supra
589 893 630 937 Β,
659 893 690 930 C
715 890 830 930 fimul.
881 890 1038 931 sumatur
1056 893 1163 946 igitur
1181 895 1322 946 quaevis
1342 897 1380 933 D
1400 912 1490 949 quae
1508 899 1628 939 minor

174 958 216 998 fit
239 959 318 1012 ipsis
341 963 390 1008 A,
413 962 454 1006 Β,
482 962 513 999 C
537 958 651 1007 fimul,
683 972 719 999 at
743 960 858 1014 major
888 959 1024 1000 excess'u
1055 960 1159 1014 ipsius
1187 955 1225 1000 A
1250 961 1352 1015 supra
1375 966 1417 1011 B,
1450 966 1481 1004 C
1507 964 1623 1006 fimul.

172 1040 276 1067 crunt
299 1029 404 1082 igitur
429 1031 471 1076 B,
490 1031 532 1075 C,
558 1031 597 1068 D
621 1027 723 1068 fimul
742 1029 894 1082 majores
918 1044 1028 1082 quam
1050 1032 1107 1076 A;
1144 1041 1178 1069 ct
1197 1032 1368 1081 quoniam
1385 1035 1423 1071 A
1443 1034 1560 1087 major
1577 1036 1626 1075 est

171 1098 300 1136 utrivis
324 1112 368 1136 ex
391 1097 470 1150 ipsis
495 1099 537 1144 B,
562 1099 605 1145 C,
629 1096 745 1136 multo
764 1099 876 1151 magis
900 1099 965 1137 crit
992 1101 1029 1137 A
1056 1112 1127 1136 una
1151 1113 1236 1137 cum
1261 1102 1311 1147 D,
1336 1112 1371 1138 et
1394 1099 1558 1141 alterutra
1583 1118 1627 1142 ex

170 1164 249 1217 ipsis
273 1168 314 1213 Β,
337 1168 369 1205 C
389 1167 503 1219 major
526 1164 671 1218 reliqua.
709 1178 754 1213 et,
780 1180 823 1204 ex
845 1167 1118 1213 construetione,
1148 1169 1199 1215 A,
1222 1169 1264 1215 Β,
1289 1169 1321 1207 C
1344 1167 1448 1208 fimul
1472 1171 1623 1224 majores

171 1231 248 1271 sunt
272 1248 380 1286 quam
398 1236 449 1273 D.
501 1235 557 1287 Q
577 1237 622 1273 E.
649 1236 690 1272 F.

237 1304 345 1341 CoR.
380 1303 415 1341 Si
443 1314 622 1355 praeterea
652 1303 851 1354 requiratur
884 1315 921 1342 ut
945 1305 983 1342 A
1012 1314 1047 1342 et
1072 1304 1102 1341 Β
1133 1302 1235 1343 fimul
1267 1320 1344 1344 non
1372 1305 1530 1344 minores
1553 1306 1622 1348 fint

168 1384 278 1422 quam
303 1372 334 1410 C
359 1383 394 1409 et:
416 1373 456 1409 D
480 1370 593 1417 simul,
614 1369 719 1408 debet
737 1370 890 1410 exceffus
909 1370 1059 1423 ipsarum
1081 1373 1120 1409 A
1145 1383 1179 1410 et
1202 1374 1232 1410 B
1251 1372 1352 1413 fimul
1375 1372 1476 1425 supra
1495 1376 1526 1413 C
1545 1390 1622 1416 non

165 1438 285 1478 minor
309 1437 377 1478 effe
400 1454 510 1492 quam
534 1441 585 1486 D,
611 1439 684 1477 hoc
708 1439 757 1477 est
781 1438 886 1478 debet
903 1441 944 1478 D
968 1452 1044 1477 non
1069 1441 1183 1493 major
1209 1440 1276 1480 effe
1301 1442 1371 1481 hoc
1398 1441 1547 1482 excessu.

536 1550 710 1588 PROP.
748 1551 797 1588 II.
868 1551 1239 1590 PROBLEMA.

233 1643 337 1682 Datis
367 1653 519 1695 quatuor
545 1639 850 1695 magnitudinibus
874 1643 922 1688 A,
946 1643 988 1688 Β,
1013 1643 1055 1688 C,
1080 1642 1120 1679 D
1144 1654 1292 1693 quarum
1321 1644 1359 1682 A
1387 1656 1422 1683 et
1451 1648 1481 1684 B
1513 1645 1617 1686 fimul

166 1725 242 1750 non
267 1712 422 1750 minores
445 1709 525 1748 sunt
551 1724 659 1763 quam
685 1711 717 1749 C
740 1721 774 1748 et
797 1711 836 1748 D
859 1708 972 1757 fimul,
999 1721 1034 1748 ct
1065 1723 1214 1762 quarum
1243 1721 1310 1749 tres
1334 1711 1439 1751 fimul
1464 1715 1615 1768 majores

163 1778 252 1831 sunt·
272 1778 406 1832 reliqu&
436 1779 575 1831 quartu,
600 1778 934 1832 quomodocunque
959 1777 1114 1830 sumptae
1123 1794 1132 1824 ;
1156 1778 1316 1831 quintam
1331 1783 1365 1819 E
1380 1782 1547 1831 invenire,
1567 1784 1615 1823 ita

164 1860 204 1887 ut
228 1848 318 1887 duae
349 1863 393 1887 cx
425 1845 533 1886 tribus
556 1849 605 1894 A,
629 1849 670 1895 B,
697 1849 732 1886 E
757 1847 1084 1900 quomodocunque
1106 1844 1263 1899 sumptae
1288 1850 1443 1903 majores
1469 1850 1536 1890 slnt
1561 1866 1615 1905 ref

163 1915 257 1970 liqua
286 1918 396 1964 tertia,
425 1927 460 1954 et
487 1916 593 1954 etiam
621 1917 710 1955 duae
734 1929 778 1954 ex
801 1914 909 1954 tribus
933 1917 977 1962 C,
1004 1918 1055 1963 D,
1080 1916 1114 1953 E
1140 1917 1471 1972 quomodocunque
1495 1918 1613 1973 sump-

164 1996 220 2024 tae
244 1986 398 2039 majores
425 1984 493 2024 sint
523 1983 670 2038 reliqua.
728 1983 770 2023 fit
800 1996 919 2024 autem
945 1987 984 2024 A
1008 1997 1084 2024 non
1107 1985 1228 2023 minor
1256 1988 1297 2034 Β,
1331 1999 1366 2026 et
1391 1989 1422 2027 C
1447 2002 1523 2028 non
1549 1990 1614 2028 mi-

162 2068 231 2093 nor
257 2056 308 2092 D.

231 2122 353 2161 Primo
377 2120 419 2160 fit
445 2119 597 2160 excessus
622 2119 774 2174 ipsarum
794 2123 839 2170 C,
864 2124 904 2161 D
927 2136 1003 2161 non
1022 2123 1140 2163 minor
1158 2121 1295 2163 excessu
1320 2122 1468 2177 ipsarum
1492 2126 1542 2172 A,
1566 2126 1609 2163 B.

161 2192 273 2244 potest
296 2204 413 2232 autem
438 2189 526 2231 sumi
552 2190 729 2246 quaedam
755 2194 790 2231 E
819 2205 911 2245 quae
938 2191 1058 2233 minor
1083 2193 1130 2232 est
1154 2191 1291 2233 summa
1316 2192 1466 2247 ipsarum
1493 2195 1536 2241 C,
1571 2195 1611 2232 D

1576 2271 1613 2300 at

1775 208 1860 258 391
