2111 2755
327 193 614 247 LIBER
666 167 1261 245 UNDECIMUs.

83 356 238 412 Sphaera
262 356 310 395 est
335 355 447 409 figura
471 353 649 408 descripta,
669 354 814 409 quando
833 352 1038 393 semicirculi
1061 364 1231 392 manente
1255 351 1444 401 diametro,
1468 353 1534 393 cir-

150 425 357 466 cumduc‘tus
388 422 618 463 semicirculus
649 422 848 471 revolvitur,
886 422 1002 462 donec
1025 422 1062 462 in
1086 421 1241 462 eundem
1263 420 1385 462 locum
1412 437 1433 462 a
1457 437 1533 476 quo

150 495 284 534 moveri
309 504 474 546 coeperat
493 493 699 531 restituatur.

762 559 847 597 XV.

85 633 176 673 Axis
195 642 312 671 autem
331 627 492 682 sphaerae
511 629 559 668 est
578 625 755 683 quiescens
778 625 836 665 illa
859 629 952 666 resta
977 625 1071 666 linea
1093 627 1226 666 circum
1246 642 1355 681 quam
1379 627 1530 669 semicir-

150 700 249 741 culus
273 698 498 738 convertitur.

750 763 854 801 XVI.

81 839 253 877 Centrum
276 832 442 887 sphaerae
466 831 514 871 cst
536 829 631 869 idem
657 830 756 882 quod
780 843 815 869 ct
837 829 1054 870 semicirculi.

743 900 866 938 XVII.

82 973 269 1013 Diameter
293 982 411 1010 autem
435 967 602 1022 sphaerae
617 968 665 1007 est
682 971 773 1007 recta
793 968 967 1021 quaedam
984 967 1075 1009 linea
1094 982 1157 1021 per
1174 980 1338 1010 centrum
1355 969 1473 1021 dueta,
1497 982 1534 1014 et

149 1041 316 1094 utrinque
335 1055 355 1079 a
378 1038 542 1093 sphaerae
566 1035 744 1091 superficie
768 1037 965 1077 terminata.

731 1107 875 1145 XVIII.

81 1181 206 1220 Conus
230 1178 278 1216 est
302 1178 416 1231 figura
435 1174 614 1229 descripta,
639 1175 785 1228 quando
809 1174 1001 1229 rectanguli
1020 1174 1181 1230 trianguli
1199 1188 1368 1217 manente
1385 1190 1463 1220 uno
1480 1177 1531 1218 la-

150 1260 223 1286 tere
247 1260 373 1285 eorum
397 1260 487 1299 quae
517 1245 608 1284 circa
635 1248 771 1283 rectum
796 1243 979 1297 angulum,
1009 1245 1288 1284 circumductum
1314 1245 1530 1299 triangulum

150 1313 347 1362 revolvitur,
362 1314 477 1353 donec
489 1313 526 1351 in
545 1313 701 1351 eundem
718 1311 840 1351 locum
859 1326 879 1351 a
898 1327 971 1365 quo
988 1314 1123 1352 moveri
1135 1326 1298 1366 coeperat
1315 1313 1528 1353 restituatur.

83 1387 134 1427 Et
156 1383 183 1424 fi
206 1383 353 1437 quidem
378 1379 556 1436 quiescens
579 1384 673 1420 reeta
691 1379 783 1420 linea
802 1380 954 1434 aequalis
973 1380 1014 1420 fit
1031 1379 1185 1434 reliquae
1203 1382 1295 1421 circa
1313 1385 1450 1422 rectum
1468 1397 1532 1423 an-

151 1451 287 1507 gulum,
311 1466 401 1505 quae
424 1449 467 1490 sc.
492 1451 720 1498 convertitur,
745 1449 982 1503 orthogonius
1001 1451 1066 1490 erit
1089 1464 1219 1499 conus;
1254 1449 1281 1490 fi
1298 1463 1382 1490 vero
1399 1451 1532 1500 minor,

152 1520 420 1576 amblygonius;
455 1518 482 1559 fi
505 1533 588 1559 vcro
611 1520 740 1574 major,
765 1519 977 1572 oxygonius.

754 1589 858 1626 XIX.

84 1659 173 1701 Axis
197 1669 315 1697 autem
337 1656 432 1697 Coni
455 1657 503 1695 est
526 1653 704 1709 quiescens
727 1654 785 1695 illa
809 1659 912 1703 reeta,
949 1655 1038 1695 circa
1068 1671 1176 1710 quam
1207 1654 1422 1711 triangulum
1445 1671 1533 1698 con-

152 1727 305 1767 vertitur.

761 1795 845 1832 XX.

87 1864 185 1907 Bafis
207 1878 291 1903 vero
310 1863 405 1903 Coni
429 1863 477 1902 est
500 1858 649 1902 circulus
675 1862 736 1916 qui
756 1877 776 1901 a
799 1862 1036 1901 circumducta
1059 1864 1152 1901 recta
1177 1859 1272 1901 linea
1298 1859 1512 1904 describitur.

755 1933 859 1970 XXI.

86 2002 281 2056 Cylindrus
304 2001 352 2040 est
376 2000 488 2053 figura
518 1998 696 2052 descripta,
728 2000 873 2053 quando
899 1998 1090 2053 rectanguli
1113 1997 1434 2054 parallelogrammi
1456 2015 1535 2042 ma·

157 2082 265 2110 nente
289 2083 364 2108 uno
386 2067 495 2107 latere
518 2082 642 2107 eorum
666 2082 756 2121 quae
779 2069 869 2107 circa
892 2073 1025 2108 rectum
1044 2067 1229 2123 angulum,
1253 2069 1534 2110 circumductum

156 2136 526 2194 parallelogrammum
542 2135 738 2186 revolvitur,
760 2136 876 2178 donec
899 2138 937 2178 in
954 2137 1109 2179 cundem
1130 2136 1251 2179 locum
1270 2152 1292 2178 a
1310 2153 1383 2194 quo
1406 2153 1533 2193 coepe-

158 2219 210 2248 rat
232 2207 367 2249 moveri
391 2206 599 2246 restituatur.

1443 2273 1535 2314 Axis

1661 205 1755 260 223
