2111 2755
634 186 1167 238 NOTAE.

171 279 406 334 praecedenti.
467 292 575 333 quare
597 281 636 319 A
665 293 742 319 non
773 279 822 319 est
853 278 1008 333 aequalis
1032 281 1094 333 ipfi
1117 283 1160 320 B.
1221 283 1337 337 pergit
1360 281 1626 337 demonstratio,

168 352 194 371 “
217 348 276 390 sed
299 363 417 402 neque
435 349 555 388 minor
579 348 626 387 esi
643 350 681 388 A
697 363 805 402 quam
825 351 867 395 B,
894 348 1043 388 haberet
1062 350 1159 389 enim
1182 352 1220 390 A
1246 352 1290 390 ad
1310 354 1353 399 C,
1373 354 1553 396 minorem
1570 370 1626 397 ra-

170 422 193 442 “
217 420 352 458 tionem
376 433 484 472 quam
510 419 552 457 B.
607 418 704 471 atqui
730 432 805 457 non
836 417 944 458 habet
974 419 1165 466 minorem,
1200 434 1276 459 non
1305 421 1414 475 igitur
1440 425 1479 463 A
1504 426 1625 468 minor

168 491 190 510 “
215 487 263 528 est
286 502 394 540 quam
411 487 468 526 B’'
493 487 567 528 &‘c.
604 486 662 526 hic
687 486 811 526 dicitur
845 492 866 510 ‘⁴
891 486 1036 527 haberet
1053 490 1091 528 A
1110 489 1154 528 ad
1173 490 1216 535 C,
1246 490 1425 530 minorem
1446 492 1623 535 rationem

163 561 187 580 “
212 571 320 610 quam
338 558 368 595 B
388 557 431 595 ad
451 556 518 603 C,”
542 555 622 603 five,
642 554 740 608 quod
761 555 856 594 idem
879 556 939 602 est,
963 556 1110 596 haberet
1126 560 1156 597 B
1182 558 1227 597 ad
1246 560 1290 606 C,
1314 561 1491 614 majorem
1515 563 1621 602 ratio—

164 640 249 665 nem
274 640 382 678 quam
409 627 443 664 A
468 625 512 664 ad
537 626 579 673 C,
611 624 682 663 hoc
707 625 767 672 est,
789 625 823 664 vi
848 622 937 664 Def.
961 636 1003 674 7.
1031 624 1113 664 Lib.
1134 638 1172 675 5.
1201 640 1303 666 erunt
1327 630 1501 681 quaedam
1528 631 1618 684 ipsa-

164 708 245 734 rum
265 695 307 739 B,
327 696 364 732 A
388 707 500 745 aeque
519 691 744 744 multiplices,
771 705 807 732 et
837 693 1011 746 quaedam
1041 693 1147 747 ipfius
1171 697 1203 735 C
1234 695 1420 750 multiplex
1450 698 1548 747 tales,
1579 713 1618 741 ut

164 760 349 814 multiplex
371 761 476 814 ipsius
499 763 530 799 B
554 762 668 814 major
693 759 735 799 fit
758 759 945 812 multiplici
971 762 1076 814 ipfius
1100 765 1143 811 C,
1176 776 1212 803 at
1235 764 1419 816 multiplex
1450 767 1556 819 ipsius
1579 771 1617 810 A

161 845 238 871 non
261 831 378 883 major
405 829 447 868 fit
472 829 597 868 eadem
622 828 813 882 multiplici
836 828 989 884 ejusdem
1012 833 1056 870 C.
1118 842 1153 870 et
1175 833 1434 875 ostendendum
1454 833 1521 876 fuit
1543 837 1617 879 hoe

161 913 348 953 nunquam
372 898 580 952 contingere
603 896 714 951 posse,
740 898 767 938 fi
791 899 880 938 ratio
897 901 935 939 A
959 900 1003 939 ad
1022 902 1066 947 C,
1084 901 1200 955 major
1218 899 1326 942 fuerit
1345 917 1456 956 quam
1480 907 1569 946 ratio
1582 909 1616 947 B

160 968 206 1008 ad
231 969 263 1007 C
272 985 282 1015 5
319 967 634 1007 demonstrandum
668 968 774 1021 igitur
803 966 882 1015 fuit,
919 969 956 1008 ln
987 968 1059 1008 hoc
1090 968 1169 1009 casu
1193 970 1423 1024 multiplicem
1447 973 1553 1027 ipfius
1576 977 1616 1017 A

159 1035 294 1090 semper
317 1034 478 1090 superare
505 1035 734 1089 multiplicem
761 1036 866 1090 ipsius
884 1039 928 1085 C,
952 1037 979 1077 fi
1004 1037 1190 1092 multiplex
1213 1039 1318 1092 ipfius
1336 1042 1366 1079 B
1386 1042 1537 1082 eandem
1555 1043 1613 1084 su-

155 1117 274 1160 peret;
310 1104 380 1145 hoc
404 1106 501 1144 enim
525 1104 674 1153 ostenso,
712 1104 941 1146 manifestum
965 1105 1048 1147 esset
1070 1121 1147 1147 non
1171 1107 1269 1161 poffe
1292 1111 1323 1148 B
1348 1110 1393 1149 ad
1419 1112 1462 1158 C,
1497 1113 1614 1167 majo-

156 1187 233 1216 rem
257 1175 432 1214 rationem
457 1172 590 1213 habere
613 1189 724 1228 quam
746 1178 785 1216 A
809 1175 854 1214 ad
878 1177 922 1224 C,
958 1175 1029 1216 hoc
1053 1177 1102 1216 est
1125 1191 1203 1217 non
1227 1177 1325 1231 poffe
1347 1181 1386 1219 A
1409 1179 1454 1218 ad
1476 1182 1521 1228 C,
1546 1182 1615 1222 rni-

152 1257 280 1284 norem
302 1242 436 1283 habere
458 1243 633 1283 rationem
659 1258 766 1296 quam
790 1245 821 1283 B
849 1245 895 1284 ad
922 1246 966 1284 C.
1025 1246 1176 1286 minime
1206 1258 1325 1286 autern
1355 1247 1531 1289 ostensum
1563 1250 1613 1291 est

152 1313 225 1353 hoc
248 1312 285 1351 in
310 1312 609 1351 demonstratione
632 1313 888 1365 propositionis
907 1313 1077 1362 decimae,
1095 1313 1153 1354 sed
1174 1315 1201 1354 si
1218 1315 1355 1355 decima
1374 1316 1613 1358 demonstrata

152 1379 248 1428 effet,
273 1380 480 1419 immediate
503 1395 547 1420 ex
570 1395 612 1420 ea
637 1381 763 1420 deduci
792 1379 924 1434 poffet;
958 1396 1083 1421 verum
1115 1382 1189 1422 sine
1212 1384 1288 1437 ejus
1311 1398 1382 1438 ope
1404 1399 1482 1424 non
1506 1384 1610 1427 facile

153 1450 250 1490 idem
273 1448 489 1495 ostendetur,
521 1460 560 1488 ut
591 1449 930 1489 demonstrationem
954 1451 1104 1489 tentanti
1127 1450 1270 1504 patebit.
1327 1467 1434 1505 quare
1458 1453 1610 1495 demon-

153 1518 273 1558 stratio
305 1517 463 1556 decimae
494 1515 652 1571 legitima
681 1532 758 1557 non
789 1519 849 1557 est.
910 1517 1063 1558 Videtur
1097 1531 1218 1558 autem
1249 1535 1332 1560 eum
1365 1521 1428 1574 qui
1458 1522 1611 1564 demon-

150 1587 355 1627 strationem
380 1585 550 1634 decimae,
574 1587 760 1641 quaejam
783 1585 949 1635 habetur,
980 1585 1094 1640 posuit
1118 1589 1192 1627 vice
1217 1589 1290 1643 ejus
1309 1604 1420 1642 quam
1433 1592 1611 1632 Eudoxus

150 1667 211 1696 aut
233 1654 400 1694 Euclides
423 1654 580 1703 dederat,
604 1655 792 1708 deceptum
816 1653 920 1695 fuiffe
937 1654 1185 1696 transferendo
1202 1657 1238 1696 id
1258 1658 1359 1710 quod
1378 1657 1609 1702 manifestum

152 1724 298 1778 quidem
321 1725 370 1763 est
394 1723 439 1763 de
463 1725 776 1778 magnitudinibuS‚
807 1725 852 1764 ad
878 1725 1043 1771 rationes,
1068 1726 1353 1781 magnitudinem
1378 1726 1420 1767 sc.
1448 1730 1609 1781 quamvis

152 1807 229 1834 non
252 1791 350 1846 posse
373 1792 475 1832 simul
498 1794 673 1847 majorem
698 1806 733 1833 et
756 1794 933 1833 minorem
952 1792 1020 1833 effe
1039 1793 1119 1834 alia.
1173 1796 1280 1848 Quae
1298 1796 1414 1835 eidem
1434 1796 1607 1850 aequalia,

151 1874 187 1902 et
209 1862 299 1901 inter
323 1860 356 1900 se
378 1861 459 1900 sunt
482 1861 652 1915 aequalia,
683 1863 843 1902 Axioma
866 1865 915 1902 est
938 1864 1093 1903 maxime
1117 1864 1270 1912 evidens,
1303 1864 1331 1904 fi
1361 1865 1405 1904 de
1428 1867 1606 1920 magnitu-

152 1929 293 1970 dinibus
315 1930 551 1984 intelligatur3
588 1931 760 1971 Euclides
780 1944 899 1971 autem
924 1946 969 1971 eo
988 1947 1064 1972 non
1084 1934 1193 1972 utitur
1211 1934 1255 1972 ad
1274 1934 1535 1974 ostendendum
1553 1950 1609 1976 ra-

152 2000 266 2040 tiones
289 2014 380 2052 quae
405 2000 521 2039 eidem
547 2000 672 2039 rationi
696 2000 775 2040 sunt
799 2001 956 2047 eaedem,
993 2001 1086 2041 inter
1116 2000 1150 2041 se
1174 2000 1313 2041 easdem
1337 2000 1417 2050 effe,
1452 2002 1510 2043 sed
1534 2004 1606 2045 hoc

152 2067 315 2121 explicite
345 2068 564 2107 demonstrat
593 2069 629 2107 in
661 2072 767 2122 Prop.
809 2082 822 2108 1
845 2083 880 2108 1.
906 2068 988 2108 Lib.
1014 2081 1052 2118 5.
1107 2072 1460 2112 Demonstrationem
1486 2084 1606 2113 autem

151 2137 310 2176 decimae
346 2152 452 2190 quam
488 2138 524 2176 in
562 2148 657 2176 textu
692 2137 871 2191 posuimus
906 2138 1057 2178 eandem
1093 2137 1161 2178 effe
1196 2155 1280 2180 curn
1306 2155 1347 2180 ea
1373 2141 1519 2181 Eudoxi
1543 2154 1603 2182 aut

149 2205 307 2246 Euclidis
331 2207 386 2246 vix
417 2205 656 2247 dubitandum
686 2208 745 2256 est,
780 2222 864 2246 cum
895 2222 939 2246 ex
968 2206 1039 2260 ipsa
1063 2208 1287 2249 Definitione
1317 2211 1463 2265 majoris
1495 2211 1604 2250 ratio-

796 2278 832 2314 Z
857 2291 878 2315 z
918 2288 940 2314 2
1541 2280 1606 2328 nis,

1757 199 1850 270 363
