2111 2755
448 188 734 239 LIBER
794 184 1250 258 QUINTUS.
1704 209 1793 258 145

553 328 721 366 PROP.
760 327 811 364 D.
883 325 1119 364 THEOR.

121 417 215 519 SI
239 411 377 461 fuerit
403 412 546 475 prima
571 413 628 459 ad
650 413 901 465 secundam,
929 426 982 458 ut
1006 410 1138 458 tertia
1166 411 1222 457 ad
1246 423 1474 473 quartam3
1496 411 1567 458 fu-

104 510 109 516 ·
230 484 403 545 eritque
428 482 571 544 prima
596 480 850 541 multipleX,
878 480 946 526 vel
971 497 1069 541 pars
1101 480 1338 539 secundae3
1373 480 1458 529 erit
1482 494 1566 529 ter-

117 554 179 601 tia
205 553 361 600 eadem
386 548 640 611 multiplex,
667 548 737 594 vel
763 549 921 594 eadem
946 564 1045 609 pars
1071 562 1269 610 quartae.

183 698 234 735 Sit
256 698 293 734 A
314 694 358 733 ad
377 695 418 740 B,
444 704 481 731 ut
506 694 538 731 C
563 691 607 730 ad
627 693 690 737 D;
726 690 836 744 fitque
855 693 893 730 A
915 687 1099 742 multiplex
1122 689 1225 742 ipsius
1245 692 1285 738 Β,
1311 692 1376 729 erit
1393 692 1423 729 C
1443 692 1567 731 eadem

114 763 300 816 multiplex
324 761 427 814 ipsius
453 762 504 799 D.

183 835 350 872 Sumatur
373 830 469 868 enim
495 831 529 867 E
555 827 709 881 aequalis
734 828 796 882 ipfi
819 831 868 876 A,
900 840 935 867 et
959 842 1064 881 quam
1098 827 1283 882 multiplex
1307 829 1353 867 est
1378 830 1415 868 A
1440 828 1508 868 five
1531 831 1566 867 E

111 902 214 956 ‘ipsius
232 902 273 947 B,
300 911 373 938 tam
398 896 582 950 multiplex
600 898 661 936 fiat
686 900 717 936 F
740 897 842 950 ipsius
861 899 912 936 D.
968 899 1068 951 Ergo
1092 913 1184 950 quo-

111 972 208 1010 niam
227 972 265 1008 A
285 968 329 1007 ad
348 970 377 1007 B
397 967 545 1006 candem
564 965 673 1004 habet
691 966 876 1013 rationem,
897 980 1004 1018 quam
1025 969 1055 1005 C
1071 966 1115 1005 ad
1131 969 1182 1013 D,

111 1052 146 1079 et
163 1038 337 1078 secundae
360 1038 390 1075 B
416 1048 450 1073 et
473 1046 618 1088 quartae
642 1036 681 1073 D
705 1049 817 1088 aeque
840 1033 1050 1087 multiplices
1068 1033 1182 1087 sump-

111 1121 166 1148 tae
184 1106 263 1146 sunt
281 1108 328 1152 E,
347 1107 388 1152 F,
407 1105 471 1143 erit
487 1109 501 1126 ³
517 1107 556 1143 A
576 1103 621 1142 acl
640 1106 686 1151 E,
706 1115 745 1142 ut
762 1105 793 1143 C
812 1103 856 1143 ad
875 1105 918 1141 F.
956 1115 990 1142 et
1014 1104 1062 1142 est
1075 1106 1111 1142 A
1126 1118 1183 1142 ae-

111 1175 223 1231 qualis
246 1173 309 1228 ipsi
333 1176 386 1220 E;
421 1187 506 1226 ergo
524 1175 555 1211 C
580 1170 734 1224 aequalis
753 1174 801 1219 est
822 1172 882 1225 ipsi
896 1174 958 1211 ΡΟ.
1002 1173 1049 1210 est
1063 1184 1181 1211 autem

110 1248 142 1285 F
168 1258 281 1297 aeque
304 1239 490 1293 multiplex
520 1240 623 1294 ipsius
647 1243 698 1288 D,
729 1253 834 1294 atque
859 1243 893 1279 E
918 1240 986 1279 five
1010 1243 1047 1279 A
1078 1241 1181 1293 ipsius

108 1316 149 1353 Β.
187 1316 290 1365 Ergo
308 1311 340 1350 C
360 1324 472 1362 aeque
495 1308 680 1362 multiplex
698 1310 746 1347 est
765 1312 814 1356 D,
841 1320 943 1361 atque
962 1311 999 1347 A
1017 1308 1119 1361 ipsius
1138 1311 1179 1347 B.

179 1381 250 1422 Sed
273 1379 314 1419 sit
337 1378 451 1432 prima
469 1379 506 1418 A
524 1392 604 1431 pars
623 1376 795 1417 secundae
812 1380 853 1425 B,
873 1377 937 1416 erit
956 1377 1055 1416 tertia
1071 1378 1102 1416 C
1121 1391 1179 1416 ea-

106 1451 191 1491 dem
214 1464 293 1502 pars
317 1459 460 1499 quartae
485 1449 537 1485 D.

177 1517 366 1570 Quoniam
391 1515 485 1553 enim
509 1516 558 1554 est
575 1517 613 1554 A
637 1514 681 1554 ad
696 1517 739 1564 B,
758 1528 797 1555 ut
814 1518 846 1555 C
865 1515 909 1554 ad
929 1518 980 1562 D,
1005 1516 1179 1555 inverten-

109 1589 192 1635 doc,
216 1586 281 1625 erit
304 1586 334 1622 B
359 1582 404 1621 ad
428 1585 476 1630 A,
500 1594 541 1622 ut
565 1586 605 1621 D
628 1583 673 1621 ad
690 1585 734 1623 C.
770 1586 818 1623 est
836 1596 956 1624 autem
973 1586 1012 1623 A
1030 1599 1110 1637 pars
1127 1585 1179 1637 ip-

109 1657 176 1697 s1us
199 1657 239 1702 Β,
263 1654 335 1692 hoc
359 1651 406 1690 est
429 1652 458 1690 B
483 1649 669 1704 multiplex
692 1654 740 1691 est
763 1651 865 1705 ipsius
889 1654 938 1698 A,
970 1666 1089 1704 quare,
1120 1666 1183 1703 per
1205 1650 1323 1690 casum
1347 1651 1561 1704 praeceden-

110 1737 194 1771 tem,
220 1725 258 1761 D
282 1721 407 1761 eadem
431 1719 479 1757 est
502 1718 689 1773 multiplex
711 1720 814 1774 ipfius
837 1723 880 1767 C,
912 1720 982 1760 hoc
1007 1721 1056 1760 est
1079 1722 1111 1760 C
1135 1720 1258 1759 eadem
1282 1734 1361 1773 pars
1385 1721 1433 1760 est
1456 1720 1560 1775 Ipsius

109 1795 160 1841 D,
185 1804 291 1845 atque
309 1792 345 1830 A
364 1787 468 1842 ipfius
487 1790 529 1827 B.
560 1788 587 1828 fi
610 1789 715 1842 igitur
739 1788 844 1828 fuerit
867 1789 979 1843 prima
1003 1789 1076 1828 &c.
1136 1790 1194 1840 Q
1211 1791 1256 1828 E.
1284 1791 1335 1828 D.

1580 1133 1606 1152 a.
1619 1125 1685 1153 Cor.
1694 1132 1725 1161 4.
1735 1132 1765 1164 ς.

1580 1190 1607 1220 b.
1618 1193 1702 1231 Prop.
1711 1194 1747 1221 A.
1759 1199 1794 1238 ς,-

1252 1053 1538 1259 Alcl,

1327 1279 1369 1322 Ε
1493 1278 1534 1320 F

1575 1602 1601 1622 c.
1613 1594 1644 1622 B.
1658 1600 1688 1633 5.

532 1902 701 1941 PROP.
738 1902 825 1941 VH.
899 1902 1134 1941 THEOR.

206 1989 434 2042 EQUALES
474 1989 532 2034 ad
557 1989 760 2047 eandem,
797 1989 989 2036 eandem
1020 1988 1189 2036 habent
1220 1988 1474 2048 rationem3
1510 2003 1556 2040 et

242 2059 400 2105 eadem
427 2057 484 2104 ad
508 2057 728 2121 aequales.

177 2203 254 2243 Sint
277 2200 441 2256 aequales
464 2201 724 2257 magnitudines
747 2203 797 2250 A,
821 2203 863 2250 B,
883 2201 947 2242 alia
971 2213 1091 2242 autem
1115 2204 1254 2254 quaevis
1277 2201 1487 2256 magnitudo
1511 2201 1553 2240 fit

807 2269 847 2308 T
1376 2271 1419 2309 C.
1457 2270 1554 2310 Dico
