2111 2755
264 231 360 288 370
936 202 1472 253 NOTAE.

479 301 580 348 tuisse
603 301 682 348 dici,
706 296 838 338 eodem
862 307 938 349 quo
962 308 1058 336 nunc
1086 295 1179 351 jure,
1203 310 1248 336 ex
1270 306 1433 349 tempore
1455 292 1623 337 Theonis
1649 296 1830 348 ὴειᾶεηιιε,
1863 297 1940 355 spe-

482 388 560 417 rare
582 369 675 411 licet.

881 528 1014 567 DEF.
1054 527 1104 566 ΙΙ.
1142 536 1177 565 et
1214 524 1263 565 V.
1333 525 1442 564 LIB.
1481 526 1548 564 VI.

595 646 836 684 EF1N1T10
874 639 1028 681 secunda
1063 653 1140 679 non
1183 637 1319 677 videtur
1349 636 1510 678 Euclidis
1545 636 1625 686 effe,
1672 636 1730 678 sed
1764 637 1943 693 cujusdam

631 712 794 766 imperiti.
855 709 968 749 Nulla
1004 710 1101 748 enim
1137 708 1332 762 figurarum
1367 707 1629 761 reciprocarum
1658 709 1796 748 mentio
1827 713 1867 748 fit
1897 710 1943 750 ab

486 785 653 830 Euclide,
680 796 810 835 neque,
849 791 1025 833 quantum
1047 776 1129 825 scio,
1153 791 1174 816 a
1198 790 1417 830 quocunque
1441 774 1512 816 alio
1537 779 1746 817 Geometra.
1797 776 1945 819 obscure

484 855 667 897 enuntiata
691 852 752 899 est,
787 863 896 904 quare
931 863 1012 888 eam
1047 847 1161 901 magis
1192 844 1324 885 claram
1347 844 1582 886 exhibuimus.
1630 847 1705 887 vice
1728 859 1848 888 autem
1872 849 1945 903 ejus

486 924 576 966 haec
600 936 693 977 quae
714 918 867 975 sequitur
890 917 1059 972 ponenda
1081 915 1227 963 videtur,
1251 915 1321 955 viz.

1102 1029 1236 1069 DEF.
1274 1028 1325 1067 ΙΙ.

558 1130 671 1169 Duae
693 1123 956 1181 magnitudines
981 1122 1146 1162 dicuntur
1171 1120 1239 1162 effe
1275 1120 1456 1174 reciproce
1489 1118 1777 1175 proportionales
1809 1120 1947 1162 duabus

486 1198 576 1247 aliis,
599 1196 746 1252 quando
768 1193 876 1235 altera
895 1193 1053 1247 priorum
1078 1192 1127 1231 est
1150 1192 1196 1232 ad
1214 1189 1360 1231 alteram
1383 1190 1629 1245 posteriorum,
1653 1202 1694 1230 ut
1716 1188 1851 1244 reliqua
1868 1189 1948 1246 pos-

488 1269 658 1310 teriorum
684 1265 731 1305 ad
753 1263 925 1318 reliquam
949 1262 1122 1316 priorum.

557 1335 737 1376 Definitio
756 1344 875 1372 autem
891 1331 1027 1385 quinta,
1048 1345 1139 1384 quae
1154 1343 1288 1384 magno
1307 1327 1511 1370 discentium
1525 1328 1761 1368 incommodo
1781 1343 1801 1368 a
1817 1327 1945 1368 Theo-

491 1406 546 1447 nis
565 1417 725 1457 tempore
743 1402 780 1441 in
794 1399 994 1440 Elementis
1018 1398 1139 1438 locum
1152 1398 1287 1446 habuit,
1312 1413 1356 1438 ex
1374 1399 1424 1445 iis,
1445 1409 1593 1452 propter
1616 1398 1769 1437 rationes
1792 1398 1829 1437 in
1853 1398 1946 1437 notis

491 1474 537 1514 ad
560 1476 670 1526 Prop.
694 1482 717 1508 2
730 1482 770 1520 3.
795 1468 879 1509 Lib.
910 1468 950 1507 6.
977 1467 1217 1516 adducendas,
1241 1468 1372 1507 merito
1395 1465 1532 1506 sublata
1557 1466 1618 1506 est.

880 1580 1049 1619 PROP.
1088 1581 1120 1627 Ι,
1155 1590 1190 1618 et
1226 1579 1276 1618 ΙΙ.
1348 1579 1457 1618 LIB.
1493 1579 1562 1617 VI.

560 1673 804 1719 Corollarium
827 1673 963 1727 primae
986 1672 1117 1711 harum
1140 1670 1301 1711 additum
1324 1668 1517 1725 saepiffime
1535 1669 1734 1712 adhibetur.
1773 1673 1949 1713 Enuntia-

491 1748 542 1789 tio
564 1760 648 1788 vero
671 1743 845 1786 secundae
868 1742 979 1796 magis
1002 1739 1174 1796 generalis
1197 1740 1334 1781 reddita
1357 1741 1418 1780 est.

935 1855 1106 1894 PROP.
1145 1855 1214 1893 III.
1289 1854 1398 1892 LIB.
1436 1853 1502 1892 VI.

562 1948 671 1991 Casus
694 1946 878 1995 secundus,
917 1948 981 2001 qui
1005 1945 1156 1986 habetur
1179 1946 1216 1986 in
1240 1947 1348 1999 Prop.
1377 1948 1424 1986 A.
1454 1945 1582 1998 pariter
1609 1943 1701 1985 utilis
1733 1959 1773 1984 ac
1805 1945 1949 1999 primus,

492 2019 576 2060 huic
599 2017 840 2072 Propositioni
863 2016 1001 2057 additus
1025 2017 1073 2056 est
1082 2033 1091 2063 ;
1125 2013 1286 2054 videlicet
1309 2015 1336 2054 is
1361 2015 1398 2054 in
1425 2028 1500 2066 quo
1523 2012 1673 2068 angulus
1699 2014 1863 2069 trianguli
1888 2029 1951 2054 ex·

493 2089 600 2128 terior
624 2086 789 2127 bifariam
809 2086 942 2127 secatur
961 2089 1054 2125 re&a
1074 2084 1181 2125 linea.
1225 2085 1500 2124 Demonstratio
1524 2084 1597 2137 ejus
1621 2082 1800 2123 simillima
1823 2084 1871 2123 est
1889 2084 1950 2123 de-

493 2157 741 2198 monstrationi
759 2157 863 2209 primi
887 2154 995 2203 casus,
1019 2167 1054 2195 et
1072 2154 1121 2194 ob
1145 2154 1240 2193 hanc
1263 2151 1384 2193 forsan
1407 2152 1547 2193 caulam
1567 2164 1643 2192 tum
1663 2167 1714 2201 ea,
1735 2164 1812 2192 tum
1837 2167 1950 2192 enun-

492 2227 593 2268 tiatio
616 2223 722 2275 casm,
746 2224 871 2266 omissa
895 2226 943 2266 cst
967 2223 1012 2265 ab
1036 2224 1202 2279 imperito
1226 2222 1386 2278 quodam
1410 2222 1555 2264 editore.
1592 2224 1736 2277 Pappus
1755 2233 1848 2261 certe
1866 2221 1949 2270 haic,

1778 2302 1948 2344 tanquam
