2111 2755
233 221 324 273 372

894 198 1433 247 NOTAE.

445 296 539 337 inter
562 291 596 333 se
618 286 858 343 aequiangulis
880 286 1108 328 concluditur
1130 285 1200 327 esse
1223 286 1314 327 latus
1345 288 1446 327 unius
1477 288 1522 328 ad
1547 286 1633 330 latus
1665 290 1907 348 homologum

450 363 601 409 alterius,
636 371 677 399 ut
700 357 789 398 latus
813 355 906 396 aliud
932 357 1036 410 primi
1061 357 1106 396 ad
1130 355 1220 396 latus
1256 355 1395 396 alterius
1431 356 1514 396 huic
1549 357 1799 415 homologum,
1836 362 1909 403 fine

449 429 713 487 permutatione
737 425 1071 481 proportionalium,
1095 437 1222 465 contra
1246 439 1386 464 morem
1409 425 1578 474 Euclidis‚
1614 439 1653 466 ut
1675 442 1719 468 ex
1742 429 1908 484 sequente

449 499 697 552 Propofitione
732 509 744 535 1
765 509 787 548 9
801 501 835 518 ¹¹⁵¹
858 493 1085 535 manifestum
1105 496 1161 534 est.
1201 494 1329 534 eodem
1348 496 1432 534 vitio
1452 493 1592 535 laborat
1609 495 1805 546 conclusio,
1825 514 1910 540 nam

451 568 559 610 latera
582 568 674 606 circa
697 563 848 619 angulos
871 565 975 604 unius
999 563 1165 603 rectilinei
1189 578 1266 603 non
1289 564 1523 604 ostenduntur
1554 565 1838 619 proportionales
1862 568 1913 608 la-

451 636 585 677 teribus
609 637 701 675 circa
725 632 886 688 aequales
911 632 1059 687 angulos
1084 631 1235 680 alterius,
1271 631 1385 672 rursus
1415 633 1513 673 enim
1543 633 1660 674 omisit
1686 638 1828 674 Auctor
1852 637 1915 676 de-

452 705 716 746 monstrationis
740 704 1042 757 permutationem
1066 700 1399 756 proportionalium.
1437 701 1560 742 Visum
1583 703 1688 756 igitur
1711 705 1760 743 est
1779 705 1915 745 tradere

454 774 797 815 demonstrationem
810 773 914 826 hujus
927 773 982 811 via
995 769 1228 818 Euclideana,
1249 771 1378 809 eadem
1391 769 1435 810 sc.
1450 772 1523 824 qua
1537 772 1647 811 utitur
1659 773 1696 812 in
1709 775 1818 826 Prop.
1837 786 1860 812 2
1874 788 1913 813 0.

456 844 563 898 hujus
586 842 685 890 libri;
721 853 756 882 et
787 842 839 880 in-
855 841 973 895 figuris
1004 838 1290 894 quinquelateri5‚
1326 851 1367 878 ut
1389 839 1518 880 modus
1541 855 1616 895 quo
1639 842 1780 882 extendi
1802 844 1918 896 potest

458 912 503 952 ad
528 913 658 967 figuras
677 909 832 966 plurium
857 908 1007 949 laterum
1030 907 1208 963 perspicue
1231 919 1406 962 appareat.

865 1025 1034 1064 PROP.
1071 1024 1215 1063 XXIII.
1286 1023 1394 1062 LIB.
1431 1024 1499 1063 VI.

528 1117 633 1160 Nihil
651 1118 688 1158 in
708 1117 940 1158 Geometriae
964 1115 1147 1156 elementis
1161 1114 1377 1169 Tyronibus
1396 1114 1574 1155 difficilius
1591 1115 1770 1156 intellectu
1793 1117 1919 1158 haberi

458 1187 558 1234 solet,
584 1189 747 1227 doetrina
773 1187 818 1227 de
841 1186 1021 1226 rationum
1045 1185 1319 1239 compositione,
1358 1199 1466 1238 quam
1504 1183 1693 1225 absurdam
1719 1198 1753 1225 ct
1776 1179 1921 1235 οἶγεομε-

455 1250 563 1315 Ίρικὴν
587 1257 740 1297 reddidit
765 1256 916 1302 Theon,
955 1254 1196 1295 substituendo
1219 1254 1482 1294 Definitionem
1506 1257 1599 1303 51³¹&
1636 1256 1719 1294 Lib.
1749 1252 1811 1303 6²³,
1846 1256 1920 1296 vicc

461 1327 694 1365 Definitionis
717 1325 835 1365 bonae
860 1325 1005 1364 rationis
1028 1324 1257 1377 compositae,
1283 1338 1405 1377 quam,
1431 1323 1505 1362 fine
1528 1322 1653 1372 dubio,
1678 1324 1823 1363 dederat
1845 1327 1922 1364 Eu—

464 1395 578 1434 doxus
600 1393 656 1433 vel
680 1393 850 1433 Euclides
873 1394 950 1446 post
973 1394 1237 1432 Definitionem
1262 1393 1407 1431 rationis
1432 1390 1625 1444 triplicatae
1648 1392 1721 1430 ἃς.
1747 1394 1784 1431 in
1807 1392 1921 1432 Libro

463 1467 533 1512 510,
557 1463 704 1515 proprio
727 1461 854 1501 scilicet
877 1462 951 1514 ejus
974 1461 1068 1501 loco.
1123 1461 1290 1500 Theonis
1314 1472 1431 1499 autem
1453 1461 1631 1499 Definitio
1655 1461 1743 1499 haec
1767 1462 1833 1508 cst3
1870 1477 1922 1501 ra-

463 1532 515 1570 tio
539 1545 583 1570 ex
607 1529 801 1570 rationibus
824 1530 994 1581 componi
1019 1530 1143 1568 dicitur
1180 1523 1267 1566 ὅταν
1298 1522 1336 1564 αἱ
1359 1524 1433 1566 τῶν
1456 1524 1572 1575 λόγων
1595 1524 1841 1573 πηλικότητες
1865 1523 1921 1580 ἐφ’

465 1591 603 1642 ἑαυτάς
626 1590 1043 1639 πολλαπλασιαοῧεῖσαι
1066 1593 1189 1636 ποιῶσι
1213 1588 1308 1636 τηνεὶ.
1360 1611 1468 1650 quam
1493 1598 1539 1635 ita
1563 1598 1663 1636 vertit
1686 1599 1924 1638 Commandi-

464 1684 542 1717 nus,
569 1674 594 1691 “
614 1668 764 1722 quando
787 1669 965 1707 rationum
992 1667 1204 1720 quantitates
1228 1668 1320 1705 inter
1344 1664 1377 1704 se
1400 1664 1665 1718 multIplicatac,
1691 1666 1847 1720 aliquam
1870 1665 1924 1707 ef-

464 1743 486 1761 “
511 1738 635 1778 ficiunt
647 1736 857 1777 rationem.”
894 1735 1074 1775 Wallifius
1087 1747 1204 1774 autem
1222 1727 1452 1778 πηλικότηῗες
1466 1735 1568 1774 vertit
1588 1742 1609 1757 ‘·
1621 1736 1799 1775 rationum
1814 1751 1924 1790 expo—

467 1812 489 1831 ‘·'
516 1807 674 1847 nenteS.’'
718 1819 753 1845 et
768 1806 965 1859 Gregorius
983 1806 1157 1858 postrema
1179 1805 1408 1843 Definiuonis
1427 1804 1532 1843 verba
1551 1804 1664 1843 reddit
1690 1810 1711 1827 “
1728 1803 1821 1843 illius
1841 1804 1925 1845 facit

467 1880 487 1898 “
507 1875 776 1929 quantitatem.''
813 1888 1029 1927 quocunque
1045 1885 1163 1912 autem
1178 1871 1275 1912 sensu
1290 1874 1505 1926 accipiantur
1523 1873 1630 1912 verba
1653 1878 1676 1894 ‘⁶
1691 1874 1926 1921 qu.÷1]titates’'

466 1944 535 1983 sive
560 1951 814 1998 “exponentes
838 1943 1052 1989 rationum,’'
1072 1941 1297 1997 ipsarumque
1326 1940 1616 1994 “multiplicatio,
1637 1934 1874 2001 ’ἄγεομεῖξικὴ
1893 1955 1926 1983 et

465 2012 599 2052 inutilis
623 2015 686 2053 erit
712 2012 909 2052 Definiti0.·
971 2010 1082 2050 Nulla
1116 2012 1212 2050 enim
1245 2011 1374 2064 poterit
1405 2008 1473 2049 effe.
1507 2009 1752 2062 multiplicatio
1776 2011 1840 2050 mii
1864 2026 1941 2065 per*

463 2096 672 2128 numerium
707 2082 885 2134 quantitas
909 2092 1031 2119 autem
1056 2079 1122 2119 five
1136 2094 1320 2132 exponens
1334 2080 1489 2127 rationis,
1513 2092 1551 2117 ut
1573 2080 1746 2118 Eutocius
1766 2080 1800 2119 in
1817 2081 1927 2118 Com-

463 2162 575 2189 ment.
601 2151 637 2188 in
663 2153 769 2201 Prop.
798 2163 841 2201 4.
866 2149 949 2188 Lib.
980 2162 1018 2187 2.
1046 2149 1275 2188 Archimedis
1301 2148 1344 2187 dc
1369 2148 1525 2200 Sphaera
1551 2159 1583 2186 ct
1602 2147 1791 2194 cylindro,
1821 2160 1856 2188 et
1875 2163 1929 2187 re-

464 2220 636 2259 centiores
659 2222 946 2272 interpretantur,
969 2219 1017 2258 est
1036 2233 1205 2260 numerus
1223 2218 1282 2272 qui
1300 2215 1540 2273 multiplicans
1559 2216 1828 2270 consequentem
1844 2231 1927 2269 pro-

1834 2285 1928 2326 ducit
