2111 2755
270 223 394 275 ⁷190
550 229 556 233 —
602 221 616 227 -
681 199 1075 253 Eucmms
1121 198 1786 254 ELEMENTORUM

514 306 571 335 tur
594 293 658 332 uni
682 292 833 331 laterum
856 288 1021 343 trianguli
1049 290 1179 337 ADE,
1202 286 1363 329 videlicet
1394 288 1458 343 ipfi
1489 291 1578 338 DE,
1604 293 1772 345 parallela
1803 293 1905 335 ἀῃξὶᾶ
1927 297 1976 337 est

381 375 410 405 b.
427 383 455 405 2.
471 373 500 405 6.
515 364 594 409 BC,
618 361 683 399 erit
700 356 718 383 b
740 371 782 399 ut
800 361 868 399 AB
887 359 932 398 ad
951 361 1033 407 BD,
1065 359 1112 398 ita
1131 360 1200 398 AC
1224 358 1268 397 ad
1286 360 1366 397 (ΞΕ.
1430 357 1584 412 aequalis
1607 373 1723 401 autem
1747 365 1795 403 est
1818 366 1890 404 BD
1912 365 1976 418 ipsi

517 433 599 477 AC,
627 440 666 469 ut
689 430 794 483 igitur
811 430 877 469 AB
903 429 948 468 ad
969 430 1054 475 AC,
1075 430 1122 468 ita
1139 429 1188 468 est
1205 429 1276 467 AC
1296 428 1341 467 ad
1360 429 1440 467 CE.
1466 442 1583 485 *quare
1608 428 1696 468 datis
1714 431 1853 473 duabus
1877 435 1976 474 renis

519 499 620 541 lineis
642 500 725 547 AB,
743 500 818 539 AC
837 499 939 539 tertia
957 496 1233 552 proportionalis
1255 497 1397 536 inventa
1416 497 1464 536 est
1483 498 1565 536 CE.
1619 499 1678 551 Q
1694 500 1740 538 E.
1765 502 1809 540 F.

978 613 1150 650 PROP.
1187 613 1274 650 XII.
1344 611 1517 649 PROB.

521 697 776 804 TRtssUs
819 697 937 746 datis
960 697 1088 744 reetis
1112 696 1240 745 lineis
1265 710 1475 761 quartam
1507 697 1893 761 proportionalem
1913 688 1982 748 *in-

668 784 827 815 vemre.

588 912 667 952 Sint
687 912 787 951 datae
812 923 880 951 tres
899 914 1012 950 reetae
1037 909 1148 949 lineae
1166 912 1216 958 A,
1237 912 1280 956 B,
1300 911 1331 949 C
1341 927 1352 958 ς
1387 919 1530 963 oportet
1547 908 1628 963 ipfis
1646 911 1696 959 A,
1710 912 1755 959 B,
1773 913 1805 951 C
1818 922 1985 965 quartam

520 980 830 1035 proportionalem
855 981 1023 1019 invenite.

590 1051 832 1103 Exponantur
851 1049 941 1088 duae
967 1052 1081 1088 reuae
1105 1047 1218 1087 lineae
1241 1049 1329 1094 DE,
1371 1050 1444 1088 DF
1479 1046 1649 1102 angulum
1684 1050 1843 1102 quemvis
1877 1049 1985 1088 EDF

520 1119 745 1159 continentes
757 1137 767 1167 ;
800 1131 837 1158 et
860 1130 1013 1172 ponatur
1037 1117 1100 1171 ipsi
1119 1117 1266 1171 quidem
1292 1119 1332 1157 A
1749 1153 1799 1194 Α

1736 1218 1849 1272 „B-

1759 1293 1801 1335 C

1693 1496 1738 1543 F

521 1187 675 1241 aequalis
700 1191 792 1236 DG,
817 1188 879 1242 ipfi
903 1203 987 1227 vero
1012 1189 1041 1227 B
1061 1186 1216 1241 aequalis
1241 1188 1330 1233 GE,
1651 1195 1920 1206 ·“··“·-“··“··““·

520 1269 556 1297 et
579 1257 642 1311 ipsi
660 1259 693 1297 C
716 1256 870 1311 aequalis
888 1260 986 1304 DH;
1018 1258 1216 1311 junetuque
1240 1257 1333 1304 GH,

371 1356 399 1376 a,
412 1354 463 1386 31,
478 1353 505 1374 ι,
521 1341 584 1379 per
597 1329 631 1364 E
650 1327 714 1378 ips1
733 1325 898 1379 parallela
912 1327 1059 1365 ducatur
1073 1328 1140 1365 EF
1152 1332 1176 1364 λ.
1215 1325 1334 1377 itaque

522 1395 696 1448 quoniam
715 1395 778 1434 uni
790 1394 943 1434 laterum
963 1393 1126 1448 trianguli
1145 1395 1265 1439 DEF,
1279 1393 1333 1431 ni-
1403 1367 1450 1411 G
1675 1375 1726 1416 H

522 1464 652 1502 mirum
672 1463 734 1516 ipfi
747 1466 826 1509 EF,
852 1462 1020 1516 parallela
1045 1463 1149 1501 dueta
1172 1463 1220 1501 est
1239 1464 1332 1509 GH,
1430 1511 1432 1514 Ι

390 1547 420 1577 b.
436 1543 507 1576 2.6.
523 1533 587 1571 erit
611 1543 651 1570 ut
676 1534 757 1571 DG
783 1531 828 1570 ad
855 1533 943 1579 GE,
967 1532 1015 1570 ita
1041 1533 1120 1569 DH
1153 1531 1197 1569 ad
1223 1526 1333 1569 HFb.
1396 1496 1436 1541 Ε

521 1602 571 1641 est
595 1612 715 1640 autem
740 1602 819 1640 DG
844 1599 906 1653 ipsi
935 1602 973 1639 A
998 1598 1162 1653 aequalis,
1195 1601 1270 1638 GE
1293 1613 1378 1638 vero
1411 1596 1566 1650 aequalis
1589 1600 1633 1645 B,
1669 1610 1703 1638 ct
1728 1601 1810 1639 DH
1834 1599 1987 1654 aequalis

522 1672 573 1717 C;
609 1682 648 1708 ut
668 1671 774 1724 igitur
796 1671 834 1709 A
854 1669 900 1708 ad
924 1671 966 1717 Β,
984 1670 1033 1708 ita
1051 1670 1082 1709 C
1100 1669 1145 1708 ad
1163 1671 1248 1708 HF.
1298 1669 1424 1720 Quare
1447 1666 1559 1706 tribus
1583 1667 1670 1706 datis
1694 1669 1795 1708 reffis
1818 1667 1918 1709 lineis
1937 1671 1985 1719 A,

523 1740 568 1791 B,
594 1740 625 1779 C
649 1751 775 1793 quarta
792 1737 1068 1793 proportionalis
1092 1739 1233 1777 inventa
1258 1738 1306 1776 est
1330 1739 1414 1776 HF.
1469 1736 1527 1788 Q
1547 1738 1594 1775 E.
1614 1738 1658 1776 F.

948 1852 1121 1890 PROP.
1158 1851 1265 1888 XIII.
1336 1848 1514 1887 PROB.

523 1937 800 2039 DUABUS
827 1938 944 1986 datis
969 1937 1097 1984 reeiis
1116 1935 1259 1993 lineis,
1284 1934 1484 1982 mediam
1509 1934 1895 1998 proportionalem
1918 1936 1982 1984 in-

666 2025 830 2056 vemre.

591 2152 670 2192 Sint
694 2151 797 2190 datae
823 2153 912 2192 duae
936 2155 1049 2191 reuae
1075 2149 1188 2190 lineae
1212 2153 1294 2201 AB,
1315 2152 1397 2199 BC,·
1434 2160 1576 2204 oportet
1598 2150 1689 2189 inter
1713 2147 1800 2204 ipsas
1818 2149 1896 2197 AB,
1920 2150 1984 2188 BC

523 2220 678 2262 mediam
701 2220 1007 2275 proportionalem
1031 2221 1199 2261 invenire.

1796 2287 1981 2326 Ponantur
