2111 2755
387 202 674 254 LIBER
732 201 1321 255 UNDECIMUS.
1722 224 1816 276 239

141 293 327 353 parallelae
344 293 422 335 sunt
431 301 456 334 ⁵¹.
499 297 624 335 eadem
647 298 783 337 ratione
801 298 973 350 quoniam
993 297 1066 338 duo
1088 297 1194 352 plana
1216 297 1383 353 parallela
1402 300 1495 349 GH,
1518 301 1590 342 KL
1606 321 1632 343 a.
1650 314 1760 347 16.11.

141 382 163 407 a
186 365 295 419 plano
318 366 459 405 AXFC
482 363 652 413 secantur,
671 380 877 405 communes
895 364 986 419 ipso-

141 450 221 476 rum
240 433 407 473 sefflones
424 435 506 480 AC,
525 435 593 472 XF
611 433 690 472 sunt
709 433 905 487 parallelae.
951 446 987 473 et

141 504 315 557 quoniam
340 503 404 540 uni
427 500 577 540 laterum
600 501 764 555 trianguli
788 504 907 548 ABD,
935 503 986 540 vi·
1053 476 1086 510 G

140 571 268 611 delicet
286 570 349 623 ipfi
368 571 450 616 BD,
471 567 637 622 parallela
656 569 759 621 dueta
778 570 827 608 est
841 571 924 616 EX,
946 581 985 608 ut

139 641 212 681 ΑΕ
232 639 278 678 ad
298 639 375 684 ΕΒ,
400 638 446 676 ita
465 637 531 676 erit
548 638 623 676 AX
639 637 684 676 ad
697 619 813 676 XDb.
857 635 985 684 rursm,

142 708 314 761 quoniam
350 706 410 744 uni
447 704 594 743 laterum
634 704 798 757 trianguli
842 707 981 751 ADC,
1041 712 1080 750 K
1147 687 1197 743 Er

141 790 272 828 nempe
304 773 368 826 ipfi
396 774 478 818 AC,
510 769 675 823 parallela
699 772 803 810 duffia
828 773 877 811 est
901 775 981 820 XF,
1129 752 1563 915 QN

139 844 202 883 erit
220 853 259 881 ut
271 842 345 880 Ax
362 839 407 879 ad
425 840 582 886 XD,·1ta
600 841 664 878 CF
684 840 728 879 ad
746 842 829 879 FD.
867 842 983 879 osten·
1087 831 1200 906 Γ

138 911 213 951 sum
236 921 354 949 autem
374 908 423 947 est
440 919 478 947 ut
496 909 570 946 AX
589 907 634 946 ad
647 909 735 955 XD,
754 909 801 947 ita
820 906 888 948 esse
905 911 983 948 ΑΕ
1040 887 1081 930 Μ

138 980 185 1020 ad
208 980 286 1018 ΕΒ.
339 988 378 1017 ut
400 976 505 1030 igitur
523 978 596 1015 AE
621 976 666 1015 ad
690 978 767 1024 ΕΒ,
790 977 837 1016 ita
860 979 925 1016 CF
950 977 995 1016 ad
1019 979 1113 1016 FD
1116 1007 1124 1015 .
1166 978 1288 1030 Quare
1312 977 1339 1017 fi
1363 977 1453 1018 duae
1475 982 1588 1020 reetae
1600 997 1626 1019 c.
1645 996 1693 1019 11.
1706 996 1736 1029 ς,

138 1048 252 1089 lineae
275 1046 348 1086 &c.
405 1046 464 1097 Q
481 1046 526 1083 E.
552 1047 604 1084 D.

535 1158 704 1196 PROP.
741 1158 884 1196 XVIII.
955 1157 1193 1196 THEOR.

141 1243 235 1347 SI
258 1244 374 1321 reeta
396 1241 513 1289 linea
535 1240 670 1319 plano
691 1241 825 1290 alicui
846 1240 902 1290 fit
925 1243 982 1289 ad
1004 1244 1144 1290 reeios
1170 1243 1373 1320 angulos,
1410 1257 1457 1292 et
1487 1261 1584 1292 om-

248 1328 322 1358 ma
357 1327 472 1374 quae
501 1326 580 1373 per
608 1310 755 1373 1psum
787 1311 1016 1360 transeunt
1040 1311 1174 1374 plana
1197 1312 1344 1359 eldem
1368 1311 1505 1374 plano
1528 1314 1587 1360 ad

133 1383 274 1430 1⁴3&oe
298 1379 486 1445 angulos
515 1392 661 1427 erunt.

1600 669 1629 699 b.
1647 677 1676 700 2.
1690 669 1722 700 6.

207 1526 322 1563 Resta
340 1523 436 1561 enim
454 1520 547 1560 linea
566 1520 741 1572 quaedam
760 1522 828 1559 AB
847 1519 1002 1574 subjeffio
1026 1520 1137 1574 piano
1160 1522 1201 1561 fit
1226 1521 1271 1561 ad
1292 1524 1404 1561 restos
1422 1518 1581 1574 angulos.

138 1593 235 1632 Dico
254 1603 289 1630 et
307 1590 430 1629 omnia
449 1587 554 1642 plana
572 1603 661 1640 quae
684 1603 746 1641 per
769 1587 877 1641 ipsam
895 1591 963 1628 AB
1104 1602 1145 1642 D
1275 1602 1320 1640 G.
1387 1603 1429 1640 Α
1507 1596 1560 1638 H

139 1659 313 1700 transeunt
325 1657 481 1711 subjedio
494 1655 604 1710 plano
619 1656 665 1695 ad
684 1660 795 1695 Γεὸὶοε
814 1655 963 1709 angulos

138 1727 217 1768 esse.
1430 1733 1486 1781 K

203 1795 423 1836 Producatur
440 1793 536 1831 enim
554 1807 618 1845 per
630 1794 700 1832 AB
714 1790 861 1844 planum
875 1794 961 1840 DE,
1450 1792 1456 1796 “

138 1864 250 1917 fitque
267 1862 364 1916 plani
377 1864 453 1901 DE
473 1873 507 1900 et
525 1859 667 1914 subjeffl
684 1860 781 1913 plani
801 1875 962 1900 commu·
1415 1903 1417 1907 ¹

140 1948 193 1972 ms
216 1931 318 1970 se6t10
339 1932 426 1976 CE;
462 1941 497 1968 et
519 1927 673 1967 sumatur
696 1943 733 1968 m
757 1931 823 1968 CE
848 1929 963 1981 quod·
1093 1948 1135 1992 C
1275 1945 1314 1986 F
1405 1947 1444 1991 B
1511 1947 1555 1992 Ε

140 2002 189 2040 vis
208 2003 375 2053 pun&um
394 2000 436 2044 F,
462 2012 482 2036 a
507 2011 582 2048 quo
607 1996 670 2049 ipsi
694 1999 761 2036 CE
788 1998 832 2036 ad
852 2001 962 2036 reftos

140 2066 298 2122 angulos,
329 2067 365 2105 in
389 2068 465 2104 DE
490 2063 599 2118 plano
624 2065 772 2105 ducatur
791 2067 873 2104 FG.
917 2066 1088 2118 quoniam
1111 2065 1217 2118 igitur
1235 2068 1302 2106 AB
1322 2066 1368 2106 ad
1391 2064 1585 2120 subjeftum

140 2135 287 2190 planum
311 2135 358 2173 est
382 2131 688 2186 perpendicularis,
712 2144 747 2172 et
771 2133 816 2172 ad
834 2147 960 2173 omnes
984 2137 1091 2174 resstas
1114 2132 1233 2181 lineam,
1258 2149 1349 2189 quae
1372 2134 1481 2188 ipsam
1507 2146 1583 2174 tan-

141 2216 228 2259 gunt
247 2215 281 2244 et
303 2203 339 2243 in
363 2201 516 2256 subjeffto
534 2199 613 2240 sunt
630 2199 740 2255 plano
758 2201 1050 2256 perpendicularis
1068 2202 1133 2243 erit
1143 2210 1168 2252 ³5
1202 2217 1310 2258 quare
1329 2205 1435 2246 etiam
1453 2204 1497 2243 ad
1515 2204 1582 2242 CE
1592 2221 1618 2242 a.
1632 2213 1736 2253 3.Def.
1752 2222 1799 2245 ιι.

1535 2273 1584 2311 est
