2111 2755
657 173 707 219 b]
777 171 824 220 O
896 170 948 220 'T
1018 172 1067 221 J&
1136 174 1192 221 E.
1761 191 1857 246 359

169 265 318 320 parebat
341 265 372 304 ei
396 262 536 318 aliisque
561 265 623 318 qui
646 262 901 305 confusaneam
926 277 960 304 et
990 266 1223 305 indistinctam
1254 267 1575 319 proportionalium
1599 271 1627 310 i-

170 335 274 374 deam
299 334 394 387 apud
418 332 540 387 vulgus
564 346 753 387 receptam,
790 332 997 373 substituunt
1027 333 1110 373 loco
1135 347 1315 373 accuratae
1338 335 1440 376 ideae
1463 352 1555 391 quae
1578 353 1623 379 ex

169 403 395 443 Definitione
417 416 453 451 5.
480 402 563 442 Lib.
589 415 625 451 5.
651 401 814 442 habetur.
857 417 975 454 neque
999 402 1148 442 dubium
1175 404 1222 442 est
1246 403 1444 443 Eudoxum
1468 405 1522 445 vel
1546 410 1622 447 Eu-

166 471 296 512 clidem
317 473 377 525 qui
396 472 466 510 hac
485 470 598 510 nihilo
618 470 829 510 difficiliores
856 467 980 520 7ῐὶιῃξυῃ
1003 470 1047 511 sc.
1072 484 1107 511 et
1137 477 1208 525 93ηι
1226 472 1332 527 hujus
1350 471 1450 513 Libri
1469 474 1621 516 demon-

167 541 332 580 stratione
352 540 509 586 munivit,
533 541 640 578 etiam
664 540 746 578 huie
765 540 801 578 iu
826 538 1023 579 Elementis
1048 540 1169 580 locum
1195 540 1338 581 dedisse.

234 611 294 648 Ex
318 623 359 647 ea
382 620 501 647 autem
525 606 729 660 Alphonsus
747 606 937 648 Borrellius
962 607 1080 647 ansam
1105 610 1249 661 arripuit
1271 611 1432 663 graviter,
1468 610 1526 652 sed
1551 614 1617 654 ini-

162 677 325 731 quissime
348 675 515 729 culpandi
539 676 800 715 Definitionem
824 689 861 724 5.
886 676 991 730 hujus
1015 676 1127 715 Libri.
1180 692 1225 716 en
1250 678 1324 731 ejus
1348 679 1452 718 verba
1476 681 1513 720 in
1532 697 1612 737 pag.

171 759 184 785 1
202 745 276 784 26.
295 743 454 784 Euclidis
479 742 528 782 sui
552 744 697 782 restituti
721 744 819 782 Edit.
847 743 932 782 Pifis
961 744 1012 783 16
1019 745 1091 793 58,
1123 750 1149 768 “
1165 746 1244 785 Nec
1270 745 1415 787 demum
1439 748 1529 788 haec
1548 751 1614 790 mi—

159 818 184 837 “
207 814 306 853 nima
324 812 483 866 cognitio
501 826 545 851 ex
563 812 653 851 dieta
668 813 906 866 proprietate”
932 827 1024 865 quae
1047 811 1091 852 sc.
1117 815 1323 855 continetur
1346 817 1383 855 in
1405 815 1493 857 Def.
1515 831 1553 868 5.
1571 808 1611 869 5.

159 886 182 906 “
206 880 328 936 colligi
351 881 477 934 potest,
503 880 603 934 quod
627 879 763 928 scilicet,
795 880 822 920 fi
845 893 995 934 quatuor
1026 883 1289 936 magnitudines
1320 883 1388 923 fint
1410 888 1612 939 proportIO-

156 955 181 974 “
205 948 314 998 nales,
338 964 421 989 cum
434 951 549 1002 prima
567 949 704 988 excedit
727 947 928 997 secundam,
947 949 1140 990 necessario
1160 952 1258 991 tertia
1277 954 1489 1007 magnitudo
1507 970 1614 1009 quar-

155 1024 178 1043 “
204 1031 277 1058 tam
302 1018 461 1072 superare
491 1016 597 1056 debet
605 1035 615 1064 3
655 1018 754 1071 quod
781 1017 921 1058 Clavius
946 1019 1136 1059 confitetur
1160 1021 1198 1059 in
1231 1033 1244 1059 1
1262 1020 1301 1060 6.
1327 1024 1436 1075 Prop.
1462 1024 1545 1064 Lib.
1569 1038 1608 1073 5.

154 1092 178 1112 “
202 1086 512 1127 Elementorum.”
547 1085 686 1125 Clavius
710 1099 827 1128 autem
851 1087 922 1126 hoc
946 1086 1076 1127 disertis
1094 1088 1207 1128 verbis
1231 1104 1307 1129 non
1327 1092 1531 1141 confitetur,
1550 1091 1610 1134 sed

153 1155 379 1196 occasionem
403 1155 499 1194 dedit
521 1153 694 1194 Borrellio
729 1156 817 1196 haec
853 1157 897 1195 de
931 1155 965 1196 se
999 1155 1181 1205 scribendi,
1220 1173 1303 1198 cum
1333 1160 1370 1199 in
1394 1159 1477 1200 loco
1500 1162 1608 1202 citato

152 1223 294 1264 Clavius
316 1224 626 1264 Commandinum
650 1224 897 1277 reprehendat,
921 1237 956 1265 et
980 1225 1122 1278 quidem
1149 1230 1250 1275 recle,
1277 1229 1375 1281 quod
1390 1230 1608 1283 PropofitIO-

151 1308 236 1333 nem
259 1293 354 1332 hanc
372 1307 415 1332 ex
427 1295 534 1344 Prop.
569 1306 582 1330 1
600 1291 638 1330 6.
664 1292 746 1331 Lib.
771 1306 809 1342 5.
837 1294 1065 1342 demonstret,
1089 1309 1209 1348 neque
1232 1307 1352 1335 tamen
1377 1297 1447 1350 Ipse
1464 1298 1606 1339 Clavius

151 1360 310 1415 aliquam
334 1361 407 1415 ejus
443 1360 785 1399 demonstrationem
818 1362 944 1409 tradat,
980 1361 1038 1401 sed
1069 1377 1147 1401 cam
1170 1362 1389 1416 perspicuam
1412 1364 1482 1405 esse
1504 1379 1606 1420 putet

148 1444 194 1470 ex
217 1441 344 1469 natura
368 1429 656 1482 proportionum,
681 1440 720 1468 ut
745 1427 904 1483 loquitur
927 1431 964 1469 in
983 1431 1055 1470 fine
1067 1432 1174 1484 Prop.
1208 1445 1220 1469 1
1237 1445 1278 1483 4.
1299 1445 1334 1471 et
1367 1447 1380 1472 1
1398 1434 1437 1473 6.
1462 1447 1499 1483 5.
1523 1435 1604 1476 suae

149 1498 322 1546 editionis,
367 1509 401 1536 et
432 1512 515 1536 eum
547 1495 702 1549 sequitur
725 1500 845 1537 Petrus
878 1499 1094 1553 Herigonius
1118 1500 1155 1538 in
1180 1497 1288 1539 schol.
1325 1514 1360 1540 1.
1385 1504 1491 1556 Prop.
1527 1517 1597 1556 14.

146 1566 229 1606 Lib.
256 1578 294 1614 5.
333 1565 431 1618 quasi
456 1565 574 1618 aliqua
599 1563 681 1604 effet
699 1578 821 1605 natura
841 1566 1164 1620 proportionalium
1188 1569 1286 1621 prior
1310 1570 1352 1607 ea
1372 1585 1463 1623 quae
1483 1586 1526 1610 ex
1549 1573 1602 1626 ip-

145 1633 262 1674 sarum
288 1634 512 1678 Definitione
535 1632 764 1687 intelligenda
794 1636 853 1674 est.
909 1648 943 1674 et
973 1636 1131 1688 quidem,
1162 1639 1319 1689 quamvis
1343 1638 1601 1681 demonstratio

144 1702 398 1755 Propositionis
422 1702 620 1741 admodum
645 1701 686 1740 fit
718 1701 839 1751 facilis,
875 1703 991 1743 nullus
1023 1716 1154 1753 tamen,
1191 1718 1366 1758 quantum
1401 1707 1482 1756 scio,
1519 1724 1600 1751 eam

144 1771 311 1811 haetenus
337 1771 444 1818 dedit,
467 1783 606 1824 praeter
630 1772 886 1812 Doffiffimum
910 1774 1120 1812 Barrovium
1145 1774 1205 1826 qui
1230 1775 1266 1813 in
1291 1775 1515 1829 responsione
1538 1777 1598 1818 sua

143 1840 188 1878 ad
206 1837 352 1879 Borellii
375 1838 614 1893 objectionem
634 1854 677 1878 ex
690 1841 914 1881 Definitione
931 1846 986 1890 5ta
1008 1843 1115 1896 hujus
1128 1842 1228 1882 Libri
1247 1859 1326 1883 eam
1352 1846 1520 1885 indirecte
1538 1845 1598 1887 sed

143 1907 294 1947 breviter
318 1919 352 1946 et
381 1906 559 1961 perspicue
582 1908 733 1948 ostendit
758 1924 836 1964 pag.
869 1923 977 1959 322.
1005 1913 1103 1950 Lect.
1122 1912 1302 1951 Mathcm.
1346 1912 1450 1953 facile
1475 1927 1595 1956 autem

144 1976 271 2015 directe
291 1975 550 2015 demonstratur
569 1991 613 2015 ex
637 1977 759 2017 eadem
774 1980 1009 2027 Definitione,
1028 1980 1264 2033 quamobrem
1283 1983 1361 2036 post
1378 1983 1594 2037 Propofitio-

142 2059 204 2085 nes
229 2044 273 2084 de
297 2059 408 2099 aeque
427 2043 677 2099 multiplicibus
696 2047 727 2086 ei
751 2047 871 2089 locum
890 2048 1062 2089 dedimus.

1344 2190 1511 2229 PROP.
1549 2190 1592 2229 Β.
