2111 2755
204 215 226 243 kx)

591 193 987 243 EUCLIDIS
1032 193 1704 247 ELEMENTORUM

1095 285 1202 323 VIII.

428 358 450 378 “
473 352 605 396 Planus
630 352 780 408 angulus
798 353 847 392 est
866 352 1019 392 duarum
1036 351 1211 392 linearum
1230 353 1267 391 in
1286 351 1396 405 plano
1415 351 1483 392 sese
1501 357 1736 408 tangendum,
1755 370 1791 400 et
1808 373 1886 401 non

496 428 518 446 “
542 424 581 464 In
605 423 778 464 directum
798 422 1010 477 jacentium,
1034 419 1178 461 alterius
1201 421 1247 460 ad
1271 419 1420 461 alteram
1443 421 1659 464 inclinatio.’'

1120 491 1189 529 IX.

428 559 594 616 Angulus
617 559 743 613 planus
761 556 959 599 rectilineus
978 557 1026 597 est
1046 557 1202 598 duarum
1222 562 1397 599 rectarum
1416 558 1483 600 sese
1500 564 1736 616 tangentium,
1756 576 1791 605 et
1808 579 1886 607 non

498 630 534 669 in
561 630 732 669 directum
754 628 964 682 jacentium,
988 626 1128 666 alterius
1152 627 1199 667 ad
1223 626 1371 668 alteram
1394 628 1589 671 inclInatio.

790 717 854 778 A!

994 777 1046 821 D

782 777 1152 980 Eam-C
1203 939 1247 983 Ε
1281 826 1430 948 s

496 1045 505 1064 ‘
525 1042 574 1080 N.
590 1042 631 1079 Β.
656 1040 692 1080 Si
711 1038 831 1093 plures
845 1038 966 1094 anguli
982 1040 1028 1080 ad
1042 1056 1155 1081 unum
1170 1046 1346 1096 punctum
1360 1044 1390 1081 B
1408 1040 1567 1091 existant,
1586 1043 1737 1098 quilibet
1760 1059 1887 1089 eorum

429 1114 438 1132 ‘
464 1108 665 1163 designatur
689 1109 799 1149 tribus
818 1108 997 1163 alphabeti
1020 1109 1136 1158 literis,
1163 1127 1315 1164 quarum
1335 1125 1375 1150 ea
1399 1124 1491 1162 quae
1511 1115 1559 1153 est
1577 1114 1621 1153 ad
1641 1116 1805 1155 verticem
1825 1131 1889 1156 an-

426 1183 436 1201 ‘
460 1178 545 1233 guli,
568 1178 640 1217 hoc
664 1179 712 1216 cst
736 1178 780 1217 ad
804 1182 979 1231 punctum
1004 1180 1041 1218 in
1061 1194 1137 1233 quo
1155 1185 1270 1220 rectae
1289 1178 1462 1234 angulum
1482 1184 1705 1222 continentes
1723 1183 1788 1223 fibi
1806 1201 1888 1225 mu-

427 1252 436 1270 ‘
462 1260 527 1287 tuo
550 1259 752 1295 occurrunt,
776 1248 814 1286 in
837 1248 959 1287 medio
983 1247 1202 1300 reliquarum
1227 1250 1373 1303 ponitur
1382 1266 1391 1295 ;
1424 1247 1557 1290 harum
1582 1263 1703 1290 autem
1733 1267 1806 1292 una
1838 1254 1888 1294 est

426 1320 436 1339 ‘
462 1316 592 1356 alicubi
613 1316 658 1354 ad
678 1330 788 1355 unam
807 1331 852 1355 ex
869 1317 968 1354 rectis
987 1314 1064 1363 illis,
1078 1315 1185 1356 altera
1206 1319 1251 1356 ad
1272 1317 1431 1356 alteram.
1466 1315 1513 1355 ita
1532 1318 1682 1374 angulus
1701 1321 1764 1374 qui
1787 1323 1889 1362 rcffis

427 1390 436 1407 ‘
461 1387 541 1432 AB,
560 1387 621 1424 CB
639 1385 852 1432 continetur,
877 1383 1079 1437 designatur
1102 1384 1206 1424 literis
1229 1387 1341 1432 ABC,
1362 1383 1416 1424 vel
1436 1386 1558 1436 CBA;
1594 1389 1655 1441 qui
1678 1403 1764 1430 vero
1788 1392 1890 1432 rectis

426 1458 436 1476 ‘
464 1456 548 1500 AB,
579 1455 651 1492 DB
674 1453 888 1498 continetur,
920 1451 1023 1493 literis
1047 1456 1167 1502 ABD,
1198 1453 1253 1494 vel
1277 1456 1383 1494 DBA
1398 1471 1408 1501 3
1444 1466 1479 1493 et
1502 1457 1565 1510 qui
1589 1458 1690 1497 reetis
1716 1461 1796 1507 DB,
1822 1462 1889 1500 CB

426 1526 436 1544 ‘
461 1523 674 1569 continetur,
700 1520 808 1561 literis
833 1523 950 1570 DBC,
968 1521 1025 1562 vel
1049 1525 1152 1563 CBD
1177 1523 1392 1578 designatur.
1435 1522 1463 1563 fi
1482 1538 1602 1566 autem
1628 1541 1720 1567 unus
1747 1540 1889 1570 tantum

426 1595 436 1612 ‘
462 1590 614 1644 angulus
639 1591 683 1630 ad
707 1594 882 1643 punctum
907 1592 1038 1640 existat,
1070 1592 1243 1648 defignari
1266 1593 1380 1647 potest
1402 1591 1504 1634 liter&
1529 1596 1575 1636 ad
1598 1600 1774 1650 punctum
1797 1597 1889 1639 illud

425 1663 436 1682 ‘
460 1659 586 1713 posita,
610 1672 650 1699 ut
674 1658 828 1714 angulus
852 1659 897 1699 ad
923 1659 981 1701 E.’

1131 1730 1179 1770 X.

425 1799 520 1837 Cum
539 1812 623 1836 vero
643 1800 736 1837 reeta
756 1795 850 1836 linea
868 1795 970 1851 super
987 1799 1083 1838 rests}
1104 1798 1195 1838 linea
1214 1799 1381 1848 infistens,
1403 1815 1476 1851 eos,

483 1866 543 1919 qui
575 1866 740 1920 deinceps
764 1865 844 1906 sunt
867 1865 1030 1921 angulos,
1060 1867 1225 1921 aequales
1252 1870 1344 1910 inter
1366 1869 1400 1910 se
1424 1869 1478 1911 fe-

481 1936 577 1983 cerit,
609 1939 722 1974 renus
747 1936 796 1975 est
816 1948 969 1989 uterque
1001 1936 1206 1991 aequalium
1238 1938 1456 1994 angulorum
1466 1957 1476 1990 ς

481 2015 516 2043 ct
540 2019 632 2058 quae
655 2004 776 2044 insistit
799 2008 892 2044 recta
916 2004 1019 2055 linea,
1043 2007 1348 2061 perpendicularis
1370 2023 1476 2051 voca·
1768 2062 1771 2064 q

482 2084 539 2113 tur
562 2073 608 2112 ad
631 2087 712 2113 eam
735 2075 793 2114 cui
816 2073 948 2114 infistit.

1117 2147 1185 2185 XI.

427 2209 586 2252 obtusus
605 2210 757 2268 angulus
780 2213 840 2263 est,
865 2213 928 2269 qui
949 2214 1067 2270 major
1090 2215 1139 2257 est
1162 2218 1271 2278 reet03

1740 2288 1885 2332 Acutus
