2111 2755
573 207 859 258 LIBER
917 208 1282 258 PRIMUS.
1817 227 1872 259 21

207 298 344 353 reliquo
367 300 475 339 BED
500 299 547 338 cst
572 299 732 352 aequalis.
790 298 890 338 fimili
921 300 1054 339 ratione
1078 300 1281 339 ostendetur
1311 310 1345 338 et
1375 297 1522 353 angulos
1546 302 1653 350 CEB,

207 371 325 408 AED
348 366 508 421 aequales
532 366 610 406 effe.
648 366 674 405 fi
697 367 800 421 igitur
824 367 913 406 duae
938 371 1050 406 melae
1075 367 1187 407 lineae
1211 368 1282 406 &o
1331 368 1389 420 Q
1409 370 1453 406 E.
1480 370 1529 407 D.

274 439 382 476 COR.
417 450 451 474 1.
490 438 549 474 Ex
572 435 642 474 hoe
666 434 848 474 manifeste
879 436 1013 474 constat
1045 436 1128 475 duas
1158 441 1265 475 restas
1297 435 1404 475 lineas
1434 435 1468 475 se
1500 437 1650 478 invicem

205 503 368 551 secanteS,
393 501 680 556 facereeangulos
703 503 748 540 ad
772 501 959 540 senionem
978 516 1129 555 quatuor
1148 506 1245 543 reffis
1270 503 1440 556 aequales·

275 575 382 612 COR.
412 584 451 610 2.
489 573 539 609 Et
561 581 757 622 propterea,
781 583 905 608 omnes
929 569 1049 623 anguli
1073 572 1162 609 circa
1186 586 1298 610 unum
1321 575 1492 624 punstum
1523 575 1650 614 consti-

204 641 269 682 tuti
290 640 482 680 conficiunt
505 636 652 692 angulos
675 648 827 690 quatuor
850 637 948 676 reffis
972 637 1144 691 aequales.

615 797 783 836 PROP.
822 797 924 836 XVI.
997 797 1234 837 THEOR.

204 900 492 1005 OMNIS
522 900 749 966 trianguli,
775 919 866 948 uno
890 902 1028 950 latere
1045 903 1278 965 produeffi,
1299 901 1491 952 exterior
1510 919 1648 970 angu-

350 970 418 1018 lus
443 970 611 1020 utrovis
637 970 846 1019 interiore
865 985 912 1019 et
935 970 1143 1035 opposito
1168 970 1229 1019 est
1253 972 1409 1038 major.

272 1114 324 1153 Sit
352 1111 564 1167 triangulum
585 1114 701 1161 ABC,
717 1099 719 1102 ξ
736 1126 771 1154 et
802 1129 915 1154 unum
938 1114 1041 1168 ipsius
1064 1113 1153 1154 latus
1176 1116 1241 1154 BC
1273 1113 1318 1152 ad
1350 1116 1390 1153 D
1421 1114 1646 1167 producatur.

203 1182 285 1222 (fico
308 1182 515 1220 exteriorem
537 1180 709 1234 angulum
734 1184 842 1223 ACD
865 1183 993 1222 utrovis
1024 1183 1188 1223 interiore
1219 1194 1254 1222 et
1283 1181 1460 1236 opposito,
1490 1182 1649 1223 videlicet

202 1250 313 1297 CBA,
337 1250 443 1288 BAC
467 1249 639 1301 majorem
662 1248 741 1288 effe.

270 1318 413 1356 Secetur
436 1317 506 1356 AC
531 1314 692 1354 bifariam
716 1318 753 1355 in
776 1319 845 1365 ΕΞ,
871 1329 906 1357 et
924 1319 1046 1372 june‘ta
1069 1320 1135 1358 BE
1158 1319 1371 1371 producatur
1394 1318 1439 1358 ad
1461 1320 1505 1366 F,
1536 1330 1648 1372 pona-
1659 1337 1686 1358 a.
1703 1335 1751 1358 10.
1768 1326 1799 1358 rs

200 1398 324 1439 turque
347 1384 410 1438 ipsi
433 1386 497 1423 BE
523 1382 676 1436 aequalis
698 1387 763 1424 EF
772 1402 782 1432 ;
814 1386 981 1440 jungatur
1006 1388 1112 1426 etiam
1137 1389 1212 1435 FC,
1236 1398 1271 1426 et
1295 1389 1367 1426 AC
1387 1387 1432 1427 ad
1454 1389 1493 1427 G
1516 1387 1649 1441 produ-

201 1465 308 1493 catur.

270 1521 456 1573 Quoniam
474 1521 577 1574 igitur
594 1523 665 1560 AE
690 1522 834 1573 quidem
859 1524 907 1562 est
932 1538 987 1563 ae-

204 1588 314 1642 qualis
332 1590 410 1635 EC,
424 1590 492 1627 BE
506 1603 588 1627 vero
605 1588 667 1640 ipsi
691 1592 769 1637 EF,
795 1591 884 1630 duae
903 1594 987 1639 AE,

201 1660 266 1697 ΕΒ
291 1655 424 1695 duabus
449 1657 527 1703 CE,
552 1658 619 1694 EF
643 1656 804 1709 aequales
828 1657 916 1705 sunt,
940 1659 989 1698 al-

202 1738 275 1765 tera
305 1723 400 1763 alteri
415 1742 424 1771 ς
460 1736 494 1763 et
523 1723 668 1776 angulus
698 1727 826 1771 ΑΕΒ,
857 1725 989 1780 angulo

199 1796 302 1833 CEF
325 1793 373 1831 est
403 1790 558 1844 aequalis
567 1788 593 1838 b,
630 1792 674 1830 ad
705 1793 867 1831 verticem
891 1795 988 1832 enim

199 1861 287 1901 sunt.
337 1860 431 1899 Basis
454 1861 560 1914 igitur
583 1861 651 1899 AB
676 1859 828 1913 aequalis
849 1862 896 1900 est
917 1861 989 1901 basi

200 1931 276 1975 CF,
290 1940 323 1967 et
336 1930 440 1967 ΑΕΒ
454 1926 672 1981 triangulum
688 1928 861 1983 triangulo
876 1931 988 1978 CEF,

180 2010 233 2037 .et
253 1995 377 2048 reliqui
397 1995 516 2049 anguli
538 1994 677 2048 reliquis
700 1996 835 2049 angulis
860 2013 990 2051 aequa-

1340 1966 1381 2009 G

200 2064 281 2112 less,
317 2063 405 2103 alter
429 2063 534 2110 alteri,
568 2062 694 2116 quibus
726 2064 883 2117 aequalia
907 2066 1013 2106 latera
1037 2064 1307 2107 subtenduntur.
1369 2068 1515 2123 angulus
1539 2070 1643 2124 igitur
1653 2083 1677 2104 c·
1692 2082 1722 2110 4-
1740 2081 1766 2103 1-

199 2135 304 2173 BAE
328 2133 376 2171 est
400 2130 553 2185 aequalis
572 2131 702 2185 angulo
728 2135 838 2172 ECF.
899 2137 1012 2185 major
1037 2147 1154 2176 autem
1178 2137 1226 2175 est
1257 2136 1406 2191 angulus
1431 2140 1541 2177 ECD
1571 2137 1645 2190 ipio

200 2202 320 2249 ECF;
356 2215 461 2254 quare
484 2202 601 2256 major
625 2202 672 2241 est
697 2200 844 2257 angulus
868 2206 978 2245 ACD
1003 2203 1132 2260 angulo
1156 2207 1276 2246 BAE.
1314 2205 1468 2247 similiter
1486 2209 1577 2245 seer-„1
1603 2204 1644 2244 li-

1573 2288 1642 2314 nea
