2111 2755
585 192 1449 245 PRAEFATIO.

289 293 376 334 sturio
399 294 623 349 corrigenda.
672 308 824 349 quorum
847 295 1012 335 omnium
1034 295 1126 334 ratio
1148 294 1186 334 in
1206 294 1313 334 Notis
1335 293 1381 334 ad
1404 293 1517 334 finem
1539 290 1641 334 Libri
1663 295 1742 334 red«²

290 363 405 403 detur.

357 433 498 485 Operae
521 432 624 485 igitur
647 432 798 484 pretium
821 430 1015 478 videbatur,
1048 446 1165 485 neque
1194 431 1370 486 ingratum
1394 429 1474 471 fore
1495 429 1667 485 putabam
1690 431 1739 471 vi-

285 501 329 540 ris
352 500 506 548 eruditis,
530 498 729 553 praesertim
747 499 786 537 iis
809 499 870 551 qui
890 500 1055 538 accuratis
1079 499 1438 540 demonstrationibus
1462 501 1499 540 in
1522 500 1737 540 Geometria

286 567 513 615 delcetantur,
544 566 649 606 hosce
680 565 954 605 Elementorum
984 565 1145 606 Euclidis
1175 569 1381 620 praecipuos
1411 567 1541 608 Libros
1568 568 1615 609 ab
1645 567 1737 610 hisce

288 637 402 676 naevis
426 636 611 683 vindicare,
635 646 670 673 et
694 635 737 673 ad
761 634 943 688 pristinam
974 629 1162 694 οἶκξίβειαν
1194 637 1383 682 restituere,
1417 648 1590 688 quantum
1614 636 1658 677 sc.
1682 638 1736 678 in-

285 705 430 758 genium
454 703 591 743 valebat
598 720 608 750 ;
643 701 842 756 praesertim
866 718 949 742 cum
972 701 1248 743 fundamentum
1267 703 1334 743 sint
1351 702 1510 743 scientiae
1529 719 1618 758 quae
1637 720 1734 760 mag-

287 787 369 812 nam
395 773 432 812 in
455 770 575 811 multis
599 770 702 811 rebus
725 770 909 811 utilitatem
934 769 1061 820 adfert,
1085 774 1169 826 quin
1195 784 1230 811 et
1251 771 1323 811 aliis
1347 771 1555 825 quibusdam
1578 772 1736 822 scientiis,

288 852 323 880 et
345 839 517 894 plerisque
539 839 707 880 omnibus
731 841 825 894 pacis
849 851 883 879 et
907 839 990 879 belli
1015 840 1145 880 artibus
1168 841 1217 880 est
1245 839 1447 889 necessaria,
1478 840 1642 896 cujusque
1665 857 1735 895 ope

287 910 357 948 veri
377 908 555 962 inquisitio
574 921 608 948 et
627 909 855 963 investigati0‚
870 921 1044 962 quantum
1063 909 1143 949 finit
1161 910 1288 949 mentis
1307 910 1485 949 humanae
1504 910 1734 960 imbecillitas,

285 989 522 1031 promovetur.
573 989 678 1031 atque
701 978 774 1017 hoc
797 976 913 1017 facere
936 979 1054 1017 conati
1076 977 1201 1026 sumus,
1227 977 1386 1017 tollendo
1410 976 1495 1018 falsa
1518 980 1736 1033 minimeque

288 1058 448 1085 accurata
467 1061 557 1100 quae
576 1061 642 1099 pro
658 1047 746 1086 veris
765 1058 800 1085 et
817 1047 995 1100 germanis
1014 1047 1260 1086 accuratissimi
1273 1049 1492 1087 Geometrae
1509 1046 1639 1101 scriptis
1656 1047 1735 1101 sup-

285 1113 475 1167 posuerunt
496 1115 649 1169 imperiti
667 1115 846 1162 Editores‚
865 1127 900 1154 et
918 1115 1060 1155 Euclidi
1079 1115 1303 1163 restituendo,
1321 1130 1341 1154 a
1361 1115 1520 1156 Theone
1537 1115 1662 1164 aliisve,
1686 1115 1732 1157 ab

288 1197 333 1223 eo
356 1181 520 1237 surrepta,
544 1198 633 1238 quae
656 1198 719 1237 per
741 1182 854 1224 multa
877 1183 1011 1224 saecula
1034 1184 1203 1225 hactenus
1221 1182 1353 1239 sepulta
1372 1185 1568 1239 jacueruut.
