2111 2755
451 210 735 262 LIBER
790 206 1306 259 SECUNDUS.

563 349 732 389 PROP.
768 349 855 387 V11.
926 347 1161 387 THEOR.

156 435 251 541 SI
274 438 389 484 reeta
411 435 527 483 linea
551 449 782 497 utcunque
804 434 915 480 set‘ta
932 433 1083 489 fuerit,
1103 449 1217 495 quae
1235 448 1290 479 ex
1310 445 1420 491 tota,
1441 446 1488 481 et
1506 450 1595 483 una

254 520 379 569 parte
402 505 518 551 fiunt
543 517 733 564 utraque
767 503 984 563 quadrata
1008 501 1209 563 aequafia
1234 502 1336 549 sunt
1359 517 1405 550 et
1428 505 1592 550 rectan-

151 576 260 642 gulo
284 574 408 638 quod
431 573 496 619 bis
527 588 552 618 a
583 584 683 617 tota
715 586 767 615 ac
793 568 908 615 dieta
935 582 1062 631 parte
1092 569 1364 629 continetur,
1401 586 1448 620 et
1466 573 1591 636 quod

153 662 210 694 ex
234 643 402 705 reliqua
422 654 548 704 parte
571 639 624 686 fit
647 638 882 702 quadrato.

218 788 331 824 Reaa
354 783 450 822 enim
468 779 560 820 linea
584 780 723 833 quaevis
744 781 812 819 AB
835 777 921 818 secta
944 777 985 817 fit
1008 788 1187 830 utcunque
1210 778 1247 816 in
1270 782 1404 831 punc’to
1427 781 1477 826 C;
1512 778 1594 820 dico

149 853 319 908 quadrata
343 864 387 890 ex
405 851 483 897 AB,
509 851 573 889 BC
597 848 754 901 aequalia
772 845 839 887 effe
862 858 897 886 et
919 844 1126 900 rectangulo
1148 846 1249 899 quod
1273 846 1326 886 bis
1349 846 1394 887 ab
1422 849 1503 895 AB,
1528 850 1592 888 BC

150 922 360 967 continetur,
380 930 416 958 et
438 917 612 972 quadrato
635 931 679 956 ex
705 917 789 956 AC.

218 986 447 1029 Describamr
464 986 562 1026 enim
578 1000 624 1025 ex
644 987 714 1024 AB
738 983 951 1037 quadratum
968 985 1116 1022 ADEB
1126 988 1151 1030 ³,
1175 995 1210 1022 et
1228 984 1339 1037 figura
1362 985 1593 1025 construatur.
1608 1003 1633 1024 a.
1646 993 1698 1032 46.
1715 1004 1742 1024 1.

148 1070 184 1099 et
207 1057 379 1111 quoniam
395 1057 475 1095 AG
498 1052 745 1108 rectangulum
769 1051 916 1105 aequale
932 1052 980 1090 est
1003 1051 1065 1104 ipfi
1089 1053 1164 1091 GE
1173 1047 1202 1099 b,
1226 1066 1419 1092 commune
1438 1067 1593 1106 appona-
1607 1062 1636 1091 b.
1651 1070 1704 1101 43.
1721 1069 1748 1090 1.

149 1138 208 1166 tur
226 1127 307 1172 CK,
332 1137 442 1176 quare
465 1134 582 1162 totum
605 1123 682 1161 AK
706 1121 770 1160 toti
792 1122 859 1160 CE
884 1120 932 1158 est
955 1117 1102 1172 aequale
1110 1137 1119 1167 ς
1155 1119 1356 1175 reetangula
1378 1122 1483 1175 igitur
1505 1124 1594 1170 AK,

151 1196 219 1235 CE
244 1192 353 1246 dupla
371 1190 449 1230 sunt
467 1190 570 1244 ipfius
594 1192 682 1229 ΑΚ.
731 1187 789 1227 sed
807 1190 895 1235 AK,
920 1189 989 1227 CE
1009 1186 1087 1227 sunt
1371 1229 1413 1272 C

1758 227 1818 276 59

154 1263 266 1302 AKF
298 1273 463 1312 gnomon
494 1270 528 1297 et
553 1257 768 1310 quadratum
795 1257 885 1302 CK;
921 1269 1085 1309 gnomon
1133 1231 1190 1284 Α
1517 1239 1562 1287 B

149 1330 252 1384 igitur
276 1328 387 1366 AKF
412 1337 448 1364 et
470 1325 682 1378 quadratum
701 1326 773 1364 CK
792 1321 900 1376 dupla
918 1322 995 1361 sunt
1013 1337 1086 1361 rec-
1128 1280 1575 1397 Harl<

148 1393 287 1451 tanguli
315 1396 405 1434 AK,
447 1393 495 1432 est
513 1404 634 1432 autem
658 1403 694 1431 et
716 1392 752 1431 id
776 1391 877 1443 quod
895 1389 949 1429 bis
972 1391 1086 1430 conti-

149 1476 252 1505 netur
275 1462 321 1502 ab
345 1464 423 1509 AB,
452 1462 515 1501 BC
539 1459 691 1514 duplum
712 1459 817 1514 ipfius
840 1461 928 1506 AK,
954 1459 1085 1498 etenim

150 1534 220 1573 ΒΚ
238 1532 287 1570 est
309 1528 462 1582 aequalis
483 1530 545 1568 BC
554 1535 579 1567 Ε.
615 1543 779 1582 gnomon
801 1528 905 1582 igitur
922 1529 1032 1566 AKF
1051 1539 1086 1566 et
1200 1392 1559 1629 ἎΙΕ
1608 1546 1635 1567 c.
1653 1538 1763 1575 cor.4.
1779 1546 1808 1569 2,

153 1600 367 1654 quadratum
389 1599 462 1636 CK
484 1595 642 1649 aequalia
665 1595 745 1636 sunt
767 1596 799 1635 ei
823 1595 922 1649 quod
953 1593 1006 1633 bis
1038 1594 1085 1635 ab
1127 1581 1179 1629 D
1371 1593 1413 1646 Ε

156 1669 237 1715 AB,
250 1668 312 1706 BC
325 1665 538 1706 continetur.
576 1677 772 1703 commune
786 1674 984 1716 apponatur
996 1663 1082 1710 HF,

154 1736 252 1789 quod
276 1735 324 1774 est
353 1731 498 1785 aequale
521 1731 696 1784 quadrato
724 1746 768 1771 ex
791 1733 884 1777 AC;
919 1744 1084 1784 gnomon
1107 1730 1209 1784 igitur
1236 1732 1347 1771 AKF
1370 1742 1405 1770 et
1428 1732 1595 1784 quadrata

153 1806 237 1851 CK,
266 1804 339 1840 HF
363 1800 519 1853 aequalia
541 1798 620 1838 sunt
637 1800 670 1838 ei
688 1799 785 1852 quod
804 1798 855 1838 bis
871 1797 916 1837 ab
932 1800 1013 1846 AB,
1031 1800 1092 1838 BC
1110 1800 1311 1839 continetur
1329 1800 1547 1853 restangulo,
1561 1814 1596 1842 et

153 1871 326 1924 quadrato
349 1882 393 1907 ex
416 1870 495 1907 AC.
532 1866 590 1906 sed
612 1882 776 1921 gnomon
798 1869 908 1907 AKF
931 1878 966 1906 et
989 1867 1157 1920 quadrata
1176 1869 1259 1916 CK,
1282 1870 1356 1908 HF
1378 1880 1495 1908 totum
1518 1868 1597 1911 sunt

153 1940 310 1984 ADEB,
330 1949 364 1975 et
385 1939 469 1984 CK,
495 1951 588 1989 quae
606 1934 684 1975 sunt
707 1950 751 1976 ex
777 1938 858 1984 AB,
886 1937 948 1975 BC
972 1936 1156 1988 quadrata.
1216 1937 1403 1989 Qadrata
1426 1938 1530 1990 igitur
1553 1954 1597 1979 ex

157 2009 240 2054 AB,
265 2007 328 2044 BC
348 2004 508 2058 aequalia
530 2003 608 2043 sunt
630 2003 833 2059 rectangulo
852 2003 948 2058 quod
972 2003 1024 2043 bis
1047 2003 1093 2043 ab
1114 2007 1195 2053 AB,
1213 2008 1275 2045 BC
1292 2007 1504 2056 continetur,
1523 2022 1594 2047 una

154 2090 238 2115 cum
261 2073 435 2128 quadrato
458 2087 502 2114 ex
527 2075 612 2114 AC.
659 2073 686 2113 fi
708 2074 813 2128 igitur
835 2077 928 2113 recta
951 2070 1043 2113 linea
1067 2073 1139 2113 &c.
1186 2075 1245 2128 Q
1260 2076 1306 2114 Ε.
1334 2077 1385 2114 D.

1047 2177 1052 2200 ff

809 2279 849 2316 H
889 2290 913 2316 2
1284 2280 1452 2318 PROP.
1489 2279 1593 2318 VIII.
