<?xml version="1.0" encoding="UTF-8"?>
<!DOCTYPE html PUBLIC "-//W3C//DTD XHTML 1.0 Transitional//EN"
    "http://www.w3.org/TR/xhtml1/DTD/xhtml1-transitional.dtd">
<html xmlns="http://www.w3.org/1999/xhtml" xml:lang="en" lang="en">
 <head>
  <title>
</title>
<meta http-equiv="Content-Type" content="text/html;charset=utf-8" />
  <meta name='ocr-system' content='tesseract 3.04.00' />
  <meta name='ocr-capabilities' content='ocr_page ocr_carea ocr_par ocr_line ocrx_word'/>
</head>
<body>
  <div class='ocr_page' id='page_1' title='image "./euclidiselemento00eucl_0108.png"; bbox 0 0 2111 2755; ppageno 0'>
   <div class='ocr_carea' id='block_1_1' title="bbox 283 232 349 282">
    <p class='ocr_par' dir='ltr' id='par_1_1' title="bbox 283 232 349 282">
     <span class='ocr_line' id='line_1_1' title="bbox 283 232 349 282; baseline -0.015 0"><span class='ocrx_word' id='word_1_1' title='bbox 283 232 349 282; x_wconf 82' lang='lat'>94</span> 
     </span>
    </p>
   </div>
   <div class='ocr_carea' id='block_1_2' title="bbox 681 205 1791 259">
    <p class='ocr_par' dir='ltr' id='par_1_2' title="bbox 681 205 1791 259">
     <span class='ocr_line' id='line_1_2' title="bbox 681 205 1791 259; baseline -0.001 0"><span class='ocrx_word' id='word_1_2' title='bbox 681 207 1078 259; x_wconf 89' lang='lat' dir='ltr'>EUCLIDIS</span> <span class='ocrx_word' id='word_1_3' title='bbox 1127 205 1791 257; x_wconf 86' lang='lat' dir='ltr'>ELEMENTORUM</span> 
     </span>
    </p>
   </div>
   <div class='ocr_carea' id='block_1_3' title="bbox 507 298 1963 426">
    <p class='ocr_par' dir='ltr' id='par_1_3' title="bbox 507 298 1963 426">
     <span class='ocr_line' id='line_1_3' title="bbox 507 298 1963 357; baseline -0.003 -11"><span class='ocrx_word' id='word_1_4' title='bbox 507 304 611 353; x_wconf 83' lang='lat' dir='ltr'>linea,</span> <span class='ocrx_word' id='word_1_5' title='bbox 635 304 708 344; x_wconf 91' lang='lat' dir='ltr'>duo</span> <span class='ocrx_word' id='word_1_6' title='bbox 731 301 949 343; x_wconf 83' lang='lat' dir='ltr'>circulorum</span> <span class='ocrx_word' id='word_1_7' title='bbox 970 299 1161 355; x_wconf 86' lang='lat' dir='ltr'>segmenta,</span> <span class='ocrx_word' id='word_1_8' title='bbox 1180 299 1316 349; x_wconf 73' lang='lat' dir='ltr'>similia,</span> <span class='ocrx_word' id='word_1_9' title='bbox 1340 312 1376 340; x_wconf 90' lang='lat' dir='ltr'>et</span> <span class='ocrx_word' id='word_1_10' title='bbox 1394 298 1458 340; x_wconf 85' lang='lat' dir='ltr'>fibi</span> <span class='ocrx_word' id='word_1_11' title='bbox 1477 314 1604 341; x_wconf 86' lang='lat' dir='ltr'>mutuo</span> <span class='ocrx_word' id='word_1_12' title='bbox 1621 317 1698 343; x_wconf 90' lang='lat' dir='ltr'>non</span> <span class='ocrx_word' id='word_1_13' title='bbox 1717 302 1963 357; x_wconf 83' lang='lat' dir='ltr'>congruentia,</span> 
     </span>
     <span class='ocr_line' id='line_1_4' title="bbox 510 370 1359 426; baseline -0.008 -11"><span class='ocrx_word' id='word_1_14' title='bbox 510 389 554 415; x_wconf 84' lang='lat' dir='ltr'>ex</span> <span class='ocrx_word' id='word_1_15' title='bbox 578 373 703 415; x_wconf 79' lang='lat' dir='ltr'>eadem</span> <span class='ocrx_word' id='word_1_16' title='bbox 727 383 826 426; x_wconf 80' lang='lat' dir='ltr'>parte</span> <span class='ocrx_word' id='word_1_17' title='bbox 849 371 1115 410; x_wconf 80' lang='lat' dir='ltr'>constituentur.</span> <span class='ocrx_word' id='word_1_18' title='bbox 1159 370 1217 420; x_wconf 98' lang='lat' dir='ltr'>Q</span> <span class='ocrx_word' id='word_1_19' title='bbox 1235 372 1282 410; x_wconf 89' lang='lat' dir='ltr'>E.</span> <span class='ocrx_word' id='word_1_20' title='bbox 1308 372 1359 409; x_wconf 93' lang='lat' dir='ltr'>D.</span> 
     </span>
    </p>
   </div>
   <div class='ocr_carea' id='block_1_4' title="bbox 911 482 1576 523">
    <p class='ocr_par' dir='ltr' id='par_1_4' title="bbox 911 482 1576 523">
     <span class='ocr_line' id='line_1_5' title="bbox 911 482 1576 523; baseline -0.003 0"><span class='ocrx_word' id='word_1_21' title='bbox 911 484 1080 523; x_wconf 88' lang='lat' dir='ltr'><strong>PROP.</strong></span> <span class='ocrx_word' id='word_1_22' title='bbox 1117 483 1259 522; x_wconf 91' lang='lat' dir='ltr'>XXIV.</span> <span class='ocrx_word' id='word_1_23' title='bbox 1333 482 1576 522; x_wconf 88' lang='lat' dir='ltr'>THEOR.</span> 
     </span>
    </p>
   </div>
   <div class='ocr_carea' id='block_1_5' title="bbox 514 567 1965 703">
    <p class='ocr_par' dir='ltr' id='par_1_5' title="bbox 514 567 1965 703">
     <span class='ocr_line' id='line_1_6' title="bbox 514 567 1965 678; baseline -0.001 -59"><span class='ocrx_word' id='word_1_24' title='bbox 514 570 782 678; x_wconf 79' lang='lat' dir='ltr'>SUPER</span> <span class='ocrx_word' id='word_1_25' title='bbox 807 569 1067 649; x_wconf 46' lang='lat' dir='ltr'>nequalibus</span> <span class='ocrx_word' id='word_1_26' title='bbox 1096 568 1223 647; x_wconf 53' lang='lat' dir='ltr'>rectis</span> <span class='ocrx_word' id='word_1_27' title='bbox 1247 568 1374 618; x_wconf 83' lang='lat' dir='ltr'>lineis</span> <span class='ocrx_word' id='word_1_28' title='bbox 1398 567 1557 617; x_wconf 84' lang='lat' dir='ltr'>fimilia</span> <span class='ocrx_word' id='word_1_29' title='bbox 1576 568 1850 618; x_wconf 79' lang='lat' dir='ltr'>circulorum</span> <span class='ocrx_word' id='word_1_30' title='bbox 1872 570 1965 637; x_wconf 86' lang='lat' dir='ltr'>seg-</span> 
     </span>
     <span class='ocr_line' id='line_1_7' title="bbox 628 639 1365 703; baseline -0.004 -13"><span class='ocrx_word' id='word_1_31' title='bbox 628 655 785 691; x_wconf 85' lang='lat' dir='ltr'>menta</span> <span class='ocrx_word' id='word_1_32' title='bbox 809 654 928 688; x_wconf 86' lang='lat' dir='ltr'>mter</span> <span class='ocrx_word' id='word_1_33' title='bbox 952 639 996 687; x_wconf 91' lang='lat' dir='ltr'>se</span> <span class='ocrx_word' id='word_1_34' title='bbox 1020 639 1225 703; x_wconf 84' lang='lat' dir='ltr'>aequaha</span> <span class='ocrx_word' id='word_1_35' title='bbox 1248 639 1365 687; x_wconf 82' lang='lat' dir='ltr'>sunt.</span> 
     </span>
    </p>
   </div>
   <div class='ocr_carea' id='block_1_6' title="bbox 513 781 1975 909">
    <p class='ocr_par' dir='ltr' id='par_1_6' title="bbox 513 781 1975 909">
     <span class='ocr_line' id='line_1_8' title="bbox 579 781 1975 838; baseline -0.001 -12"><span class='ocrx_word' id='word_1_36' title='bbox 579 786 660 826; x_wconf 83' lang='lat' dir='ltr'>Sint</span> <span class='ocrx_word' id='word_1_37' title='bbox 683 785 780 824; x_wconf 83' lang='lat' dir='ltr'>enim</span> <span class='ocrx_word' id='word_1_38' title='bbox 803 782 905 838; x_wconf 87' lang='lat' dir='ltr'>super</span> <span class='ocrx_word' id='word_1_39' title='bbox 929 782 1134 837; x_wconf 83' lang='lat' dir='ltr'>aequalibus</span> <span class='ocrx_word' id='word_1_40' title='bbox 1160 784 1260 824; x_wconf 65' lang='lat' dir='ltr'>rectis</span> <span class='ocrx_word' id='word_1_41' title='bbox 1285 783 1385 824; x_wconf 81' lang='lat' dir='ltr'>lincis</span> <span class='ocrx_word' id='word_1_42' title='bbox 1409 786 1488 831; x_wconf 82' lang='lat' dir='ltr'>AB,</span> <span class='ocrx_word' id='word_1_43' title='bbox 1516 785 1589 823; x_wconf 89' lang='lat' dir='ltr'>CD</span> <span class='ocrx_word' id='word_1_44' title='bbox 1614 781 1736 822; x_wconf 77' lang='lat' dir='ltr'>fimssia</span> <span class='ocrx_word' id='word_1_45' title='bbox 1760 782 1975 825; x_wconf 88' lang='lat' dir='ltr'>circulorum</span> 
     </span>
     <span class='ocr_line' id='line_1_9' title="bbox 513 851 1973 909; baseline -0.001 -14"><span class='ocrx_word' id='word_1_46' title='bbox 513 853 692 909; x_wconf 80' lang='lat' dir='ltr'>segmenta</span> <span class='ocrx_word' id='word_1_47' title='bbox 718 855 839 902; x_wconf 87' lang='grc' dir='ltr'><strong>ΑΕΒ,</strong></span> <span class='ocrx_word' id='word_1_48' title='bbox 870 855 934 894; x_wconf 90' lang='lat' dir='ltr'>CF</span> <span class='ocrx_word' id='word_1_49' title='bbox 935 856 994 902; x_wconf 85' lang='lat' dir='ltr'>D;</span> <span class='ocrx_word' id='word_1_50' title='bbox 1030 854 1111 893; x_wconf 91' lang='lat' dir='ltr'>dico</span> <span class='ocrx_word' id='word_1_51' title='bbox 1134 852 1358 908; x_wconf 79' lang='lat' dir='ltr'>segmentum</span> <span class='ocrx_word' id='word_1_52' title='bbox 1379 854 1486 892; x_wconf 85' lang='grc' dir='ltr'>ΑΕΒ</span> <span class='ocrx_word' id='word_1_53' title='bbox 1503 851 1684 907; x_wconf 82' lang='lat' dir='ltr'>segmento</span> <span class='ocrx_word' id='word_1_54' title='bbox 1699 854 1762 892; x_wconf 93' lang='lat' dir='ltr'>CF</span> <span class='ocrx_word' id='word_1_55' title='bbox 1764 855 1803 892; x_wconf 94' lang='lat' dir='ltr'>D</span> <span class='ocrx_word' id='word_1_56' title='bbox 1823 853 1973 907; x_wconf 82' lang='lat' dir='ltr'>aequale</span> 
     </span>
    </p>
   </div>
   <div class='ocr_carea' id='block_1_7' title="bbox 513 923 1977 1046">
    <p class='ocr_par' dir='ltr' id='par_1_7' title="bbox 513 923 1977 1046">
     <span class='ocr_line' id='line_1_10' title="bbox 513 923 592 965; baseline -0.013 0"><span class='ocrx_word' id='word_1_57' title='bbox 513 923 592 965; x_wconf 82' lang='lat' dir='ltr'>effe.</span> 
     </span>
     <span class='ocr_line' id='line_1_11' title="bbox 582 989 1977 1046; baseline -0.003 -13"><span class='ocrx_word' id='word_1_58' title='bbox 582 990 778 1046; x_wconf 85' lang='lat' dir='ltr'>Applicato</span> <span class='ocrx_word' id='word_1_59' title='bbox 802 992 899 1030; x_wconf 83' lang='lat' dir='ltr'>enim</span> <span class='ocrx_word' id='word_1_60' title='bbox 923 989 1108 1045; x_wconf 89' lang='lat' dir='ltr'>segmento</span> <span class='ocrx_word' id='word_1_61' title='bbox 1130 993 1235 1032; x_wconf 86' lang='grc' dir='ltr'>ΑΕΒ</span> <span class='ocrx_word' id='word_1_62' title='bbox 1260 990 1443 1046; x_wconf 88' lang='lat' dir='ltr'>segmento</span> <span class='ocrx_word' id='word_1_63' title='bbox 1467 993 1584 1039; x_wconf 91' lang='lat' dir='ltr'>CFD,</span> <span class='ocrx_word' id='word_1_64' title='bbox 1623 1002 1658 1030; x_wconf 92' lang='lat' dir='ltr'>et</span> <span class='ocrx_word' id='word_1_65' title='bbox 1688 989 1805 1045; x_wconf 82' lang='lat' dir='ltr'>posito</span> <span class='ocrx_word' id='word_1_66' title='bbox 1829 990 1977 1043; x_wconf 89' lang='lat' dir='ltr'>quidem</span> 
     </span>
    </p>
   </div>
   <div class='ocr_carea' id='block_1_8' title="bbox 512 1059 1975 1212">
    <p class='ocr_par' dir='ltr' id='par_1_8' title="bbox 512 1059 1975 1212">
     <span class='ocr_line' id='line_1_12' title="bbox 512 1059 1975 1116; baseline -0.003 -14"><span class='ocrx_word' id='word_1_67' title='bbox 512 1065 648 1116; x_wconf 64' lang='lat' dir='ltr'>puneto</span> <span class='ocrx_word' id='word_1_68' title='bbox 671 1064 710 1102; x_wconf 88' lang='lat' dir='ltr'>A</span> <span class='ocrx_word' id='word_1_69' title='bbox 733 1062 771 1101; x_wconf 83' lang='lat' dir='ltr'>in</span> <span class='ocrx_word' id='word_1_70' title='bbox 793 1062 837 1110; x_wconf 90' lang='lat' dir='ltr'>C,</span> <span class='ocrx_word' id='word_1_71' title='bbox 858 1064 950 1101; x_wconf 71' lang='lat' dir='ltr'>reeta</span> <span class='ocrx_word' id='word_1_72' title='bbox 975 1074 1059 1101; x_wconf 87' lang='lat' dir='ltr'>vero</span> <span class='ocrx_word' id='word_1_73' title='bbox 1083 1059 1178 1101; x_wconf 86' lang='lat' dir='ltr'>linea</span> <span class='ocrx_word' id='word_1_74' title='bbox 1196 1063 1264 1101; x_wconf 89' lang='lat' dir='ltr'>AB</span> <span class='ocrx_word' id='word_1_75' title='bbox 1288 1059 1387 1115; x_wconf 85' lang='lat' dir='ltr'>super</span> <span class='ocrx_word' id='word_1_76' title='bbox 1405 1063 1492 1110; x_wconf 89' lang='lat' dir='ltr'>CD,</span> <span class='ocrx_word' id='word_1_77' title='bbox 1511 1071 1685 1116; x_wconf 83' lang='lat' dir='ltr'>congruet</span> <span class='ocrx_word' id='word_1_78' title='bbox 1703 1072 1737 1100; x_wconf 92' lang='lat' dir='ltr'>et</span> <span class='ocrx_word' id='word_1_79' title='bbox 1754 1062 1786 1100; x_wconf 91' lang='lat' dir='ltr'>B</span> <span class='ocrx_word' id='word_1_80' title='bbox 1804 1063 1975 1114; x_wconf 63' lang='lat' dir='ltr'>punftum</span> 
     </span>
     <span class='ocr_line' id='line_1_13' title="bbox 1024 1166 1474 1212; baseline 0 0"><span class='ocrx_word' id='word_1_81' title='bbox 1024 1166 1062 1212; x_wconf 83' lang='lat' dir='ltr'>E</span> <span class='ocrx_word' id='word_1_82' title='bbox 1437 1166 1474 1212; x_wconf 82' lang='lat' dir='ltr'><strong>F</strong></span> 
     </span>
    </p>
   </div>
   <div class='ocr_carea' id='block_1_9' title="bbox 894 1212 1610 1321">
    <p class='ocr_par' dir='ltr' id='par_1_9' title="bbox 894 1212 1610 1321">
     <span class='ocr_line' id='line_1_14' title="bbox 894 1212 1610 1321; baseline -0.003 0"><span class='ocrx_word' id='word_1_83' title='bbox 894 1212 1610 1321; x_wconf 54' lang='lat' dir='ltr'>QQ</span> 
     </span>
    </p>
   </div>
   <div class='ocr_carea' id='block_1_10' title="bbox 868 1320 1639 1376">
    <p class='ocr_par' dir='ltr' id='par_1_10' title="bbox 868 1320 1639 1376">
     <span class='ocr_line' id='line_1_15' title="bbox 868 1320 1639 1376; baseline -0.006 -3"><span class='ocrx_word' id='word_1_84' title='bbox 868 1326 920 1373; x_wconf 86' lang='grc' dir='ltr'><strong>Α</strong></span> <span class='ocrx_word' id='word_1_85' title='bbox 1191 1327 1319 1376; x_wconf 87' lang='lat' dir='ltr'>BC</span> <span class='ocrx_word' id='word_1_86' title='bbox 1594 1320 1639 1368; x_wconf 95' lang='lat' dir='ltr'>D</span> 
     </span>
    </p>
   </div>
   <div class='ocr_carea' id='block_1_11' title="bbox 360 1471 1977 1665">
    <p class='ocr_par' dir='ltr' id='par_1_11' title="bbox 360 1471 1977 1665">
     <span class='ocr_line' id='line_1_16' title="bbox 514 1471 1977 1530; baseline -0.001 -16"><span class='ocrx_word' id='word_1_87' title='bbox 514 1477 650 1530; x_wconf 63' lang='lat' dir='ltr'>puncto</span> <span class='ocrx_word' id='word_1_88' title='bbox 673 1475 725 1521; x_wconf 96' lang='lat' dir='ltr'>D,</span> <span class='ocrx_word' id='word_1_89' title='bbox 749 1484 935 1526; x_wconf 84' lang='lat' dir='ltr'>propterea</span> <span class='ocrx_word' id='word_1_90' title='bbox 959 1473 1059 1525; x_wconf 90' lang='lat' dir='ltr'>quod</span> <span class='ocrx_word' id='word_1_91' title='bbox 1082 1475 1150 1512; x_wconf 89' lang='lat' dir='ltr'>AB</span> <span class='ocrx_word' id='word_1_92' title='bbox 1175 1471 1238 1526; x_wconf 75' lang='lat' dir='ltr'>ipsl</span> <span class='ocrx_word' id='word_1_93' title='bbox 1262 1474 1336 1512; x_wconf 92' lang='lat' dir='ltr'>CD</span> <span class='ocrx_word' id='word_1_94' title='bbox 1360 1471 1402 1512; x_wconf 84' lang='lat' dir='ltr'>fit</span> <span class='ocrx_word' id='word_1_95' title='bbox 1426 1471 1592 1525; x_wconf 86' lang='lat' dir='ltr'>aequalis.</span> <span class='ocrx_word' id='word_1_96' title='bbox 1648 1485 1724 1511; x_wconf 91' lang='lat' dir='ltr'>non</span> <span class='ocrx_word' id='word_1_97' title='bbox 1748 1472 1864 1525; x_wconf 85' lang='lat' dir='ltr'>igitur,</span> <span class='ocrx_word' id='word_1_98' title='bbox 1889 1486 1977 1513; x_wconf 90' lang='lat' dir='ltr'>con-</span> 
     </span>
     <span class='ocr_line' id='line_1_17' title="bbox 513 1539 1977 1598; baseline -0.001 -15"><span class='ocrx_word' id='word_1_99' title='bbox 513 1556 663 1598; x_wconf 84' lang='lat' dir='ltr'>gruente</span> <span class='ocrx_word' id='word_1_100' title='bbox 687 1545 780 1582; x_wconf 62' lang='lat' dir='ltr'>reeta</span> <span class='ocrx_word' id='word_1_101' title='bbox 805 1541 897 1580; x_wconf 79' lang='lat' dir='ltr'>linea</span> <span class='ocrx_word' id='word_1_102' title='bbox 919 1543 988 1582; x_wconf 85' lang='lat' dir='ltr'>AB</span> <span class='ocrx_word' id='word_1_103' title='bbox 1012 1542 1076 1595; x_wconf 84' lang='lat' dir='ltr'>ipfi</span> <span class='ocrx_word' id='word_1_104' title='bbox 1099 1543 1184 1589; x_wconf 90' lang='lat' dir='ltr'>CD,</span> <span class='ocrx_word' id='word_1_105' title='bbox 1222 1557 1299 1581; x_wconf 91' lang='lat' dir='ltr'>non</span> <span class='ocrx_word' id='word_1_106' title='bbox 1330 1555 1502 1596; x_wconf 84' lang='lat' dir='ltr'>congruet</span> <span class='ocrx_word' id='word_1_107' title='bbox 1527 1539 1750 1595; x_wconf 80' lang='lat' dir='ltr'>segmentum</span> <span class='ocrx_word' id='word_1_108' title='bbox 1774 1543 1878 1581; x_wconf 85' lang='grc' dir='ltr'>ΑΕΒ</span> <span class='ocrx_word' id='word_1_109' title='bbox 1903 1540 1977 1596; x_wconf 84' lang='lat' dir='ltr'>seg-</span> 
     </span>
     <span class='ocr_line' id='line_1_18' title="bbox 360 1596 1977 1665; baseline -0.002 -11"><span class='ocrx_word' id='word_1_110' title='bbox 360 1633 387 1655; x_wconf 83' lang='lat' dir='ltr'>a.</span> <span class='ocrx_word' id='word_1_111' title='bbox 404 1630 453 1663; x_wconf 86' lang='lat'>23.</span> <span class='ocrx_word' id='word_1_112' title='bbox 469 1631 498 1663; x_wconf 89' lang='lat'>3.</span> <span class='ocrx_word' id='word_1_113' title='bbox 515 1624 642 1653; x_wconf 86' lang='lat' dir='ltr'>mento</span> <span class='ocrx_word' id='word_1_114' title='bbox 668 1614 774 1652; x_wconf 89' lang='lat' dir='ltr'>CFD</span> <span class='ocrx_word' id='word_1_115' title='bbox 784 1617 808 1650; x_wconf 68' lang='lat'>³.</span> <span class='ocrx_word' id='word_1_116' title='bbox 868 1622 1041 1665; x_wconf 83' lang='lat' dir='ltr'>congruet</span> <span class='ocrx_word' id='word_1_117' title='bbox 1065 1612 1172 1665; x_wconf 82' lang='lat' dir='ltr'>igitur</span> <span class='ocrx_word' id='word_1_118' title='bbox 1195 1623 1230 1650; x_wconf 92' lang='lat' dir='ltr'>et</span> <span class='ocrx_word' id='word_1_119' title='bbox 1253 1610 1316 1664; x_wconf 86' lang='lat' dir='ltr'>ipfi</span> <span class='ocrx_word' id='word_1_120' title='bbox 1341 1609 1487 1664; x_wconf 79' lang='lat' dir='ltr'>aequale</span> <span class='ocrx_word' id='word_1_121' title='bbox 1511 1611 1587 1649; x_wconf 88' lang='lat' dir='ltr'>erit.</span> <span class='ocrx_word' id='word_1_122' title='bbox 1647 1609 1747 1664; x_wconf 78' lang='lat' dir='ltr'>fi1per</span> <span class='ocrx_word' id='word_1_123' title='bbox 1769 1596 1977 1665; x_wconf 46' lang='lat' dir='ltr'>aequalibus</span> 
     </span>
    </p>
   </div>
   <div class='ocr_carea' id='block_1_12' title="bbox 515 1680 1219 1738">
    <p class='ocr_par' dir='ltr' id='par_1_12' title="bbox 515 1680 1219 1738">
     <span class='ocr_line' id='line_1_19' title="bbox 515 1680 1219 1738; baseline -0.006 -15"><span class='ocrx_word' id='word_1_124' title='bbox 515 1683 621 1738; x_wconf 78' lang='lat' dir='ltr'>igitur</span> <span class='ocrx_word' id='word_1_125' title='bbox 644 1683 745 1723; x_wconf 67' lang='lat' dir='ltr'>rectis</span> <span class='ocrx_word' id='word_1_126' title='bbox 769 1680 868 1720; x_wconf 84' lang='lat' dir='ltr'>lineis</span> <span class='ocrx_word' id='word_1_127' title='bbox 894 1680 965 1720; x_wconf 82' lang='lat' dir='ltr'>&amp;c.</span> <span class='ocrx_word' id='word_1_128' title='bbox 1024 1681 1082 1733; x_wconf 91' lang='lat' dir='ltr'>Q</span> <span class='ocrx_word' id='word_1_129' title='bbox 1101 1683 1147 1719; x_wconf 92' lang='lat' dir='ltr'>E.</span> <span class='ocrx_word' id='word_1_130' title='bbox 1169 1682 1219 1719; x_wconf 94' lang='lat' dir='ltr'>D.</span> 
     </span>
    </p>
   </div>
   <div class='ocr_carea' id='block_1_13' title="bbox 960 1793 1534 1833">
    <p class='ocr_par' dir='ltr' id='par_1_13' title="bbox 960 1793 1534 1833">
     <span class='ocr_line' id='line_1_20' title="bbox 960 1793 1534 1833; baseline -0.005 0"><span class='ocrx_word' id='word_1_131' title='bbox 960 1795 1129 1833; x_wconf 85' lang='lat' dir='ltr'><strong>PROP.</strong></span> <span class='ocrx_word' id='word_1_132' title='bbox 1167 1795 1288 1832; x_wconf 89' lang='lat' dir='ltr'>XXV.</span> <span class='ocrx_word' id='word_1_133' title='bbox 1361 1793 1534 1831; x_wconf 87' lang='lat' dir='ltr'><strong>PROB.</strong></span> 
     </span>
    </p>
   </div>
   <div class='ocr_carea' id='block_1_14' title="bbox 517 1877 1979 2018">
    <p class='ocr_par' dir='ltr' id='par_1_14' title="bbox 517 1877 1979 2018">
     <span class='ocr_line' id='line_1_21' title="bbox 517 1877 1979 1987; baseline -0.002 -56"><span class='ocrx_word' id='word_1_134' title='bbox 517 1884 788 1987; x_wconf 71' lang='lat' dir='ltr'>CIRcum</span> <span class='ocrx_word' id='word_1_135' title='bbox 819 1881 1053 1946; x_wconf 81' lang='lat' dir='ltr'>segmento</span> <span class='ocrx_word' id='word_1_136' title='bbox 1079 1881 1188 1927; x_wconf 82' lang='lat' dir='ltr'>dato</span> <span class='ocrx_word' id='word_1_137' title='bbox 1219 1879 1462 1929; x_wconf 87' lang='lat' dir='ltr'>describere</span> <span class='ocrx_word' id='word_1_138' title='bbox 1498 1877 1719 1927; x_wconf 88' lang='lat' dir='ltr'>circulum</span> <span class='ocrx_word' id='word_1_139' title='bbox 1751 1877 1880 1946; x_wconf 84' lang='lat' dir='ltr'>cujus</span> <span class='ocrx_word' id='word_1_140' title='bbox 1916 1879 1979 1928; x_wconf 91' lang='lat' dir='ltr'>est</span> 
     </span>
     <span class='ocr_line' id='line_1_22' title="bbox 650 1953 951 2018; baseline -0.007 -18"><span class='ocrx_word' id='word_1_141' title='bbox 650 1953 951 2018; x_wconf 86' lang='lat' dir='ltr'>segmentum.</span> 
     </span>
    </p>
   </div>
   <div class='ocr_carea' id='block_1_15' title="bbox 368 2090 1980 2355">
    <p class='ocr_par' dir='ltr' id='par_1_15' title="bbox 587 2090 1978 2151">
     <span class='ocr_line' id='line_1_23' title="bbox 587 2090 1978 2151; baseline -0.003 -15"><span class='ocrx_word' id='word_1_142' title='bbox 587 2099 639 2137; x_wconf 87' lang='lat' dir='ltr'>Sit</span> <span class='ocrx_word' id='word_1_143' title='bbox 664 2098 786 2136; x_wconf 73' lang='lat' dir='ltr'>datum</span> <span class='ocrx_word' id='word_1_144' title='bbox 806 2095 924 2136; x_wconf 81' lang='lat' dir='ltr'>circuli</span> <span class='ocrx_word' id='word_1_145' title='bbox 943 2094 1165 2151; x_wconf 71' lang='lat' dir='ltr'>segmentum</span> <span class='ocrx_word' id='word_1_146' title='bbox 1188 2096 1310 2142; x_wconf 85' lang='lat' dir='ltr'>ABC;</span> <span class='ocrx_word' id='word_1_147' title='bbox 1346 2106 1488 2148; x_wconf 82' lang='lat' dir='ltr'>oportet</span> <span class='ocrx_word' id='word_1_148' title='bbox 1512 2091 1702 2133; x_wconf 72' lang='lat' dir='ltr'>describere</span> <span class='ocrx_word' id='word_1_149' title='bbox 1718 2090 1893 2132; x_wconf 80' lang='lat' dir='ltr'>circulum</span> <span class='ocrx_word' id='word_1_150' title='bbox 1916 2107 1978 2132; x_wconf 86' lang='lat' dir='ltr'>cu·</span> 
     </span>
    </p>

    <p class='ocr_par' dir='ltr' id='par_1_16' title="bbox 368 2165 1980 2355">
     <span class='ocr_line' id='line_1_24' title="bbox 515 2165 1028 2221; baseline -0.002 -15"><span class='ocrx_word' id='word_1_151' title='bbox 515 2167 571 2221; x_wconf 80' lang='lat' dir='ltr'>jus</span> <span class='ocrx_word' id='word_1_152' title='bbox 595 2169 696 2207; x_wconf 83' lang='lat' dir='ltr'>ABC</span> <span class='ocrx_word' id='word_1_153' title='bbox 721 2167 769 2204; x_wconf 83' lang='lat' dir='ltr'>cst</span> <span class='ocrx_word' id='word_1_154' title='bbox 793 2165 1028 2218; x_wconf 78' lang='lat' dir='ltr'>segmentum.</span> 
     </span>
     <span class='ocr_line' id='line_1_25' title="bbox 368 2230 1980 2288; baseline -0.004 -11"><span class='ocrx_word' id='word_1_155' title='bbox 368 2254 397 2277; x_wconf 75' lang='lat' dir='ltr'>a.</span> <span class='ocrx_word' id='word_1_156' title='bbox 413 2253 460 2274; x_wconf 85' lang='lat'>10.</span> <span class='ocrx_word' id='word_1_157' title='bbox 476 2252 502 2274; x_wconf 80' lang='lat' dir='ltr'>t.</span> <span class='ocrx_word' id='word_1_158' title='bbox 589 2238 734 2277; x_wconf 79' lang='lat' dir='ltr'>secetur</span> <span class='ocrx_word' id='word_1_159' title='bbox 756 2236 830 2275; x_wconf 83' lang='lat' dir='ltr'>AC</span> <span class='ocrx_word' id='word_1_160' title='bbox 851 2232 1014 2274; x_wconf 55' lang='lat' dir='ltr'>bist-riam</span> <span class='ocrx_word' id='word_1_161' title='bbox 1036 2240 1049 2258; x_wconf 71' lang='lat'>²¹</span> <span class='ocrx_word' id='word_1_162' title='bbox 1067 2235 1105 2275; x_wconf 85' lang='lat' dir='ltr'>in</span> <span class='ocrx_word' id='word_1_163' title='bbox 1129 2237 1181 2283; x_wconf 89' lang='lat' dir='ltr'>D,</span> <span class='ocrx_word' id='word_1_164' title='bbox 1210 2247 1244 2274; x_wconf 86' lang='lat' dir='ltr'>et</span> <span class='ocrx_word' id='word_1_165' title='bbox 1270 2249 1290 2274; x_wconf 81' lang='lat' dir='ltr'>a</span> <span class='ocrx_word' id='word_1_166' title='bbox 1321 2236 1457 2288; x_wconf 62' lang='lat' dir='ltr'>puncto</span> <span class='ocrx_word' id='word_1_167' title='bbox 1483 2233 1522 2271; x_wconf 90' lang='lat' dir='ltr'>D</span> <span class='ocrx_word' id='word_1_168' title='bbox 1546 2231 1609 2286; x_wconf 81' lang='lat' dir='ltr'>ipfi</span> <span class='ocrx_word' id='word_1_169' title='bbox 1632 2233 1703 2273; x_wconf 82' lang='lat' dir='ltr'>AC</span> <span class='ocrx_word' id='word_1_170' title='bbox 1722 2230 1767 2272; x_wconf 88' lang='lat' dir='ltr'>ad</span> <span class='ocrx_word' id='word_1_171' title='bbox 1786 2233 1898 2272; x_wconf 63' lang='lat' dir='ltr'>reftos</span> <span class='ocrx_word' id='word_1_172' title='bbox 1917 2244 1980 2270; x_wconf 85' lang='lat' dir='ltr'>an-</span> 
     </span>
     <span class='ocr_line' id='line_1_26' title="bbox 1879 2299 1980 2355; baseline 0.01 -17"><span class='ocrx_word' id='word_1_173' title='bbox 1879 2299 1980 2355; x_wconf 87' lang='lat' dir='ltr'>gulos</span> 
     </span>
    </p>
   </div>
  </div>
 </body>
</html>
