2111 2755
771 205 1048 268 [341]

410 398 1372 459 NOTAE&c.

452 539 516 580 Ad
539 539 1026 580 DEFINITIONEM
1049 542 1135 580 VII.
1184 542 1292 581 LIB.
1317 543 1348 581 Ι.

178 626 389 727 LOCO
421 631 654 672 Definitionis
689 646 780 685 quae
810 631 960 672 habetur
991 633 1029 671 in
1047 632 1195 671 Graecis
1214 632 1395 673 codicibus
1418 633 1486 674 alia
1509 637 1622 691 magIs

302 701 459 740 distineta
482 700 594 753 posita
617 701 677 746 est,
714 700 752 738 in
782 714 854 753 qua
884 701 1087 740 continetur
1117 700 1258 740 affeftio
1281 700 1409 755 planae
1432 701 1624 755 superficiei

173 784 264 824 quae
287 770 324 807 in
348 768 547 807 Elementis
569 766 752 807 manifeste
775 769 933 821 ponitur,
959 772 1091 808 restam
1115 767 1240 808 scilicet
1264 768 1395 810 lineam
1419 771 1502 811 duci
1524 771 1624 825 posse

172 853 193 878 a
216 837 338 891 quovis
361 839 495 890 punc‘to
518 837 556 877 in
578 835 685 891 plana
710 835 888 890 superficie
911 837 957 877 ad
981 837 1130 891 quodvis
1153 837 1190 877 in
1213 838 1354 889 eadem,
1373 853 1465 893 quae
1489 851 1562 880 tota
1579 829 1636 882 sit·

172 906 211 946 in
234 920 275 946 ea
299 903 491 958 superficie.

590 997 655 1037 Ad
690 999 823 1038 DEF.
865 997 970 1037 VIII.
1029 999 1139 1037 LIB.
1177 999 1208 1037 Ι.

240 1108 392 1148 Videtur
410 1123 494 1147 eum
513 1109 572 1160 qui
590 1108 683 1148 hanc
704 1109 967 1149 Definitionem
985 1107 1099 1163 posuit
1116 1107 1260 1149 voluisse
1278 1109 1452 1164 angulum
1475 1110 1624 1166 planum

173 1179 207 1218 ln
232 1191 361 1231 genere
385 1177 542 1224 definire,
566 1177 636 1217 hoc
660 1179 708 1217 est
727 1190 768 1217 ut
790 1193 865 1218 non
884 1177 996 1217 solum
1015 1177 1162 1232 angulus
1186 1180 1246 1232 qui
1265 1178 1402 1219 duabus
1421 1182 1519 1221 reffls
1537 1195 1627 1222 con-

171 1247 311 1294 timetur,
336 1244 393 1284 scd
417 1257 452 1284 et
476 1246 502 1283 is
526 1261 633 1298 quem
657 1245 763 1300 aliqui
793 1247 998 1300 concipiunt
1019 1247 1192 1286 contIneri
1216 1249 1309 1287 reeh}
1334 1247 1426 1289 linea
1448 1262 1484 1289 et
1505 1251 1626 1298 curva

172 1313 226 1354 vel
251 1313 386 1352 duabus
411 1314 520 1352 curvis
544 1312 642 1353 lIneis
666 1315 702 1353 in
733 1313 842 1367 plano
873 1314 938 1354 fibi
967 1327 1095 1354 mutuo
1121 1315 1400 1364 occurrentibus,
1436 1316 1540 1356 fimul
1566 1318 1626 1357 de-

175 1383 346 1422 finiretur.
418 1382 574 1434 quamvis
605 1393 722 1421 autem
752 1381 864 1421 sensus
894 1382 1089 1422 verborum
1114 1375 1172 1422 ἐπ’
1199 1376 1342 1432 εὐθείας,
1374 1385 1412 1424 in
1443 1385 1625 1435 direstum,

171 1450 224 1490 vel
247 1451 285 1489 in
308 1454 399 1489 refta
423 1449 525 1498 linea,
550 1448 754 1490 manifestus
778 1449 820 1490 fit
843 1451 991 1504 quando
1015 1451 1105 1490 duae
1129 1455 1242 1490 reetae
1267 1452 1431 1492 dicuntur
1453 1454 1490 1492 in
1514 1454 1626 1494 direc-

174 1532 248 1559 tum
282 1517 361 1566 effe,
397 1532 473 1557 non
509 1530 628 1557 tamen
657 1530 800 1571 apparet
824 1533 897 1572 quo
920 1518 1017 1559 sensu
1039 1517 1270 1573 intelligenda
1293 1519 1371 1560 sunt
1394 1521 1482 1561 haec
1505 1522 1624 1572 verba,

173 1586 320 1641 quando
339 1590 430 1626 rcfta
454 1585 544 1625 linea
568 1599 603 1626 et
625 1601 741 1635 curva,
764 1585 819 1626 vel
843 1587 936 1626 duae
959 1601 1084 1627 curvae
1103 1589 1140 1626 in
1159 1588 1329 1627 direuum
1348 1588 1417 1628 effe
1441 1590 1607 1632 dicuntur
1615 1609 1625 1639 ;

173 1667 267 1696 certe
291 1655 362 1694 hoc
388 1654 469 1694 loco
489 1654 651 1708 explicari
674 1670 750 1695 non
774 1657 897 1708 potest.
941 1654 1136 1695 verosimile
1160 1656 1264 1710 igitur
1287 1658 1336 1697 est
1361 1659 1625 1700 Definitionem

173 1725 277 1770 hauc,
313 1736 347 1762 et
374 1724 638 1763 Definitionem
668 1723 786 1777 anguli
820 1722 1002 1778 segmenti,
1040 1736 1080 1764 ut
1106 1736 1141 1763 et
1165 1739 1205 1763 ea
1229 1740 1319 1778 quae
1343 1726 1388 1766 de
1418 1726 1552 1781 angulo
1575 1727 1624 1768 se-

173 1791 353 1839 micirculi,
365 1803 398 1831 et
412 1791 674 1846 segmentorum
688 1792 822 1846 angulis
839 1792 1016 1832 habentur
1034 1794 1072 1832 in
1087 1796 1197 1847 Prop.
1227 1806 1240 1832 1
1258 1793 1296 1833 6.
1322 1806 1357 1834 et
1386 1808 1406 1844 3
1424 1809 1437 1835 1
1451 1826 1459 1835 .
1480 1795 1562 1836 Lib„
1584 1810 1623 1846 3.

175 1861 412 1901 additamenta
432 1859 499 1900 effe
517 1861 674 1900 Editoris
693 1862 816 1901 minus>
834 1862 944 1915 periti.
988 1874 1022 1901 et
1045 1861 1094 1901 ob
1121 1862 1214 1901 hanc
1238 1864 1413 1903 rationem
1431 1865 1624 1905 Definitio-

173 1945 236 1970 nes
259 1945 333 1977 eae,
357 1928 555 1982 praesertim
579 1945 660 1970 cum
678 1929 818 1970 inutiles
841 1931 994 1971 omnino
1018 1929 1097 1980 lint,
1122 1931 1215 1971 notis
1233 1932 1373 1972 inversis
1397 1934 1581 1974 commatis
1605 1948 1624 1975 a

173 1998 314 2052 reliquis
339 1998 608 2052 distinguuntur.

583 2110 645 2149 Ad
669 2113 803 2151 DEF.
839 2114 962 2151 XVII.
1033 2114 1143 2152 LIB.
1178 2113 1210 2151 Ι.

236 2202 340 2242 'Huic
372 2201 586 2242 Definitioni
619 2202 751 2258 adjceta
781 2203 859 2244 sunt
888 2203 1068 2259 sequentia
1099 2205 1136 2245 in
1166 2203 1336 2245 omnibus
1363 2203 1624 2259 exemplaribus

1490 2278 1511 2296 “
1537 2287 1629 2327 quae
