2111 2755
283 194 378 225 220
677 172 1072 224 EUCLIDIS
1122 176 1784 232 ELEMENTORUM

939 311 1110 349 PROP.
1147 311 1190 349 C.
1264 311 1504 352 THEOR.

507 399 602 503 SI
628 397 683 444 ab
709 395 876 462 angulo
897 396 1111 462 trianguli
1130 397 1324 445 ducatur
1339 399 1711 463 perpendicularis
1728 404 1786 452 ad
1801 402 1959 464 balim,

611 467 695 514 erit
713 466 1025 531 reclangulum
1044 467 1256 514 lateribus
1277 468 1491 535 trianguli
1511 485 1781 520 contentum
1804 490 1961 538 aequa-

503 538 546 584 le
567 535 827 601 reclangulo
852 551 1070 583 contento
1090 554 1115 583 a
1134 539 1491 601 perpendiculari
1509 555 1557 590 et
1575 541 1798 591 diametro
1816 543 1964 591 circuli

504 605 624 654 circa
645 606 925 671 triangulum
952 606 1176 669 descripti.

575 751 627 790 Sit
651 749 867 804 triangulum
891 752 1005 799 ABC,
1028 763 1065 790 et
1087 749 1133 790 ab
1161 749 1295 805 angulo
1321 753 1361 790 A
1386 752 1533 793 ducatur
1559 755 1640 794 AD
1670 753 1969 810 perpendicularis

508 821 556 860 ad
579 819 692 859 basim
718 822 793 867 BC,
817 820 883 859 erit
906 818 1149 874 reclangulum
1172 822 1260 867 BA,
1280 821 1350 858 AC
1376 834 1435 859 ae-

509 888 613 944 quale
636 888 846 944 reclangulo
870 901 1045 929 contento
1067 888 1113 928 ab
1138 891 1216 928 AD
1240 900 1276 927 et
1299 888 1435 928 diame-

509 970 566 999 tro
589 958 708 998 circuli
731 959 824 998 circa
850 957 1064 1011 triangulum
1089 956 1263 1011 descripti.

365 1052 391 1071 a.
412 1048 441 1081 5,
460 1050 492 1078 4·
579 1029 683 1067 Circa
725 1026 945 1082 triangulum
982 1025 1199 1066 describatur
1236 1032 1252 1049 ³
1287 1025 1438 1067 circulus

513 1098 629 1145 ACB,
653 1109 688 1136 et
713 1096 862 1136 ducatur
887 1096 1059 1136 diameter
1082 1099 1168 1144 ΑΕ,
1202 1108 1238 1135 et
1262 1097 1328 1135 EC
1350 1097 1437 1150 jun-

510 1178 624 1221 gatur.
708 1167 856 1205 uoniam
880 1166 987 1220 igitur
1011 1165 1161 1220 angulus
1186 1169 1301 1205 reflus
1325 1166 1436 1205 BDA

355 1244 384 1273 b.
400 1251 450 1283 31.
466 1252 495 1282 3,
511 1235 666 1290 aequalis
702 1236 751 1274 est
787 1234 919 1289 angulo
949 1237 1060 1275 ECA
1098 1236 1135 1274 in
1171 1232 1395 1274 semicirculo
1404 1230 1433 1282 b,

355 1320 381 1339 e.
400 1319 451 1341 21·
466 1320 495 1349 3·
511 1306 560 1344 est
582 1318 701 1343 autem
726 1303 872 1358 angulus
896 1306 1006 1344 ABD
1031 1303 1185 1357 aequalis
1204 1310 1218 1326 Ε
1238 1303 1302 1356 ipsi
1325 1304 1431 1342 AEC

509 1373 546 1412 in
571 1373 702 1411 eodem
725 1371 910 1425 segmento
919 1389 928 1418 3
965 1371 1199 1426 aequiangula
1224 1382 1326 1410 erunt
1351 1369 1522 1424 triangula
1541 1372 1663 1419 ABD,
1687 1373 1805 1412 AEC.
1844 1385 1882 1413 ut
1906 1375 1970 1429 igi⁸>

374 1443 404 1471 d.
417 1452 448 1480 4-
467 1443 497 1472 6.
511 1453 567 1480 tur
585 1444 659 1480 BA
677 1440 722 1480 ad
744 1443 837 1488 AD,
873 1442 921 1480 ita
944 1442 992 1481 est
1012 1437 1028 1465 ἃ
1047 1442 1121 1480 EA
1145 1439 1191 1478 ad
1218 1441 1302 1486 AC,
1327 1451 1362 1478 et
1385 1451 1574 1493 propterea
1594 1446 1608 1463 ‘³
1625 1439 1871 1496 refrangulum
1889 1444 1969 1493 BA,

368 1496 392 1516 ε’
405 1486 453 1516 ¹6'
466 1486 495 1516 6‘
511 1512 579 1551 AC
600 1508 746 1563 aequale
764 1510 812 1548 est
830 1509 1036 1564 redangulo
1049 1511 1134 1556 EA,
1147 1510 1240 1548 AD.
1282 1508 1319 1547 Si
1337 1508 1442 1562 igitur
1461 1508 1507 1548 ab
1527 1508 1660 1564 angulo
1678 1509 1751 1550 &c.
1788 1511 1899 1563 QE·
1917 1513 1968 1556 D»

1638 1857 1968 1898 EUCLIDIS
