2111 2755
596 198 1125 248 NOTAE.

135 308 218 334 nam
242 303 377 346 praeter
399 290 517 332 circuli
541 292 815 338 Definitionem‚
841 290 982 331 nullum
1007 292 1055 329 est
1079 290 1292 343 principium
1319 289 1363 330 dc
1386 288 1519 332 circulo
1541 307 1587 334 ex

133 377 210 416 quo
235 362 589 401 Demonstrationem
614 361 682 401 sive
705 362 873 400 differam
897 360 965 399 five
982 360 1189 399 indireftam
1208 359 1386 398 conficere
1405 358 1497 400 licet.
1541 377 1585 403 ex

133 430 202 470 hac
226 444 410 484 propterea
432 426 666 477 Definitione,
685 442 720 468 et
738 427 1042 482 propositionibus
1066 440 1146 467 ante
1165 427 1421 475 demonstratis,
1448 430 1585 471 necesse

131 500 284 539 omnino
308 501 356 539 est
375 499 556 538 ostendere
580 502 751 551 puncium
774 499 811 536 in
834 498 1108 537 Construfftione
1126 497 1308 536 inventum
1333 508 1494 537 centrum
1513 497 1583 539 effe

131 567 261 608 circuli.
298 569 484 621 Qoniam
503 568 608 621 igitur
631 567 667 605 in
692 566 992 606 demonstratione
1010 565 1182 604 utendum
1208 566 1255 603 est
1279 565 1344 605 hac
1365 566 1583 619 Propofitio·

122 651 190 684 vne,
214 636 257 676 sc.
284 641 397 676 rectae
425 635 538 676 lineae
567 651 587 675 a
612 646 734 674 centro
759 635 803 674 ad
827 631 1146 673 circumferentiam
1171 633 1296 671 due'tac·
1326 634 1404 674 sunt
1433 636 1525 675 inter
1548 635 1582 677 se

131 704 306 759 aequalc3‚
338 717 444 758 atque
468 719 543 744 non
568 702 701 742 licitum
725 703 767 742 sit
790 701 963 741 assumere
986 705 1160 755 pum‘tum
1184 702 1220 740 in
1245 703 1506 743 construetione
1528 706 1583 745 In-

129 786 275 813 ventum
299 786 460 812 centrum
486 770 565 820 effe,
597 771 668 811 hoc
694 772 790 810 enim
822 770 1139 809 demonstrandum
1176 771 1241 816 est;
1278 769 1505 812 manifestum
1535 774 1584 814 cst

129 846 302 896 punctum
317 841 412 881 aliud
427 853 594 893 tanquam
609 851 770 880 centrum
782 836 1028 878 assumendum
1044 836 1124 877 esse.
1162 849 1196 877 et
1215 837 1240 876 fi
1259 853 1302 877 ex
1320 839 1390 879 hoc
1404 839 1582 895 assumpto

130 909 322 950 absurdum
342 909 487 963 aliquod
506 908 678 962 sequatur,
704 920 743 948 ut
762 907 907 962 quidem
928 905 1095 946 Euclides
1112 905 1205 960 sequi
1230 907 1392 956 ostendit,
1424 921 1501 948 tum
1524 925 1582 950 ve-

129 993 211 1019 rum
234 993 310 1018 non
335 980 383 1018 est
406 981 578 1032 punc‘mm
603 976 818 1030 assumptum
848 988 1008 1015 centrum
1039 973 1125 1023 effe;
1160 988 1195 1015 et
1221 990 1303 1014 cum
1328 988 1506 1031 utcunque
1531 977 1583 1019 as-

129 1046 309 1101 sumptum
332 1045 448 1094 fuerit,
485 1046 635 1100 sequitur
666 1045 819 1094 nullum,
856 1059 994 1098 praeter
1028 1045 1211 1084 inventum
1247 1045 1283 1083 In
1320 1047 1582 1088 construetione

129 1119 314 1170 punc‘tum,
337 1128 500 1155 centrum
520 1114 600 1155 esse.
637 1114 732 1154 unde
749 1114 931 1154 necessitas
955 1113 1261 1154 demonstrationis
1284 1114 1485 1165 indireffle,
1512 1115 1582 1157 slve

128 1183 175 1224 ab
200 1182 350 1225 absurdo
372 1196 479 1239 patet.

551 1278 724 1316 PROP.
762 1279 870 1316 XIII.
939 1278 1048 1316 LIB.
1086 1279 1156 1315 III.

197 1389 385 1438 Quoniam
408 1387 528 1428 multo
552 1386 689 1428 facilius
712 1390 761 1428 est
784 1389 969 1442 imaginari
993 1389 1083 1427 duos
1107 1385 1256 1427 circulos
1279 1385 1378 1441 poffe
1399 1386 1433 1428 se
1450 1401 1582 1431 mutuo

128 1458 222 1497 intus
245 1459 451 1512 contingere
474 1458 511 1497 in
534 1455 694 1510 pluribus
718 1458 853 1510 punctis
877 1471 985 1509 quam
1009 1470 1097 1503 unc,
1123 1456 1166 1495 ad
1192 1455 1329 1495 easdem
1353 1471 1479 1497 eorum
1503 1473 1583 1512 par-

129 1538 192 1574 tes,
228 1541 335 1580 quam
371 1526 417 1565 ad
452 1527 641 1565 contrarias
650 1543 659 1573 ;
694 1526 798 1580 igitur
833 1526 945 1579 figura
969 1525 1072 1578 hujus
1096 1522 1190 1563 casus
1214 1525 1362 1564 minime
1385 1527 1583 1568 omittenda

128 1593 207 1634 fuit.
249 1595 280 1633 ei
301 1607 420 1634 autem
440 1595 583 1648 figurae,
602 1594 815 1633 construetio
834 1608 926 1647 quac
945 1594 982 1632 in
1006 1605 1103 1632 textu
1121 1594 1265 1632 Graeco
1289 1592 1441 1633 habetur
1463 1597 1582 1636 minus

128 1675 210 1716 apta
234 1661 362 1711 fuisset,
399 1675 519 1702 centra
543 1663 639 1702 enim
664 1662 878 1702 circulorum
905 1676 1016 1715 prope
1046 1676 1170 1700 eorum
1194 1659 1492 1703 circumferentias
1516 1679 1582 1717 po—

126 1731 246 1772 nenda
269 1731 390 1771 essent.
426 1731 491 1771 alia
510 1732 614 1786 igitur
638 1731 849 1771 construetio
873 1743 907 1770 et
932 1730 1186 1770 demonstratio
1209 1730 1335 1769 tradita
1360 1732 1419 1779 est,
1456 1748 1498 1772 ea
1522 1732 1582 1772 sci-

124 1799 206 1841 licet
229 1814 318 1854 quae
341 1802 390 1840 est
408 1815 489 1854 pars
508 1801 678 1854 posterior
695 1801 768 1854 ejus
791 1814 900 1853 quam
925 1801 1129 1852 Campanus
1153 1813 1196 1838 ex
1219 1799 1399 1838 codicibus
1418 1801 1583 1841 Arabicis

127 1871 235 1909 dedit.
296 1884 382 1910 narn
417 1869 492 1909 fine
527 1870 666 1910 ratione
702 1868 956 1909 demonstratio
986 1868 1080 1922 apud
1104 1882 1189 1907 eurn
1213 1868 1249 1907 in
1276 1867 1362 1907 duas
1385 1882 1498 1922 partes
1529 1871 1581 1910 di-

128 1937 195 1978 visa
219 1937 278 1976 est.

564 2031 737 2069 PROP.
773 2031 857 2070 XV.
929 2030 1037 2068 LIB,
1075 2031 1144 2069 III.

196 2141 307 2181 Deest
331 2138 494 2180 conversa
518 2142 623 2194 partis
647 2139 818 2180 secundae
842 2141 947 2195 hujus
967 2140 1232 2193 Propofitionis,
1252 2142 1408 2194 quamvis
1427 2142 1464 2181 in
1483 2156 1582 2195 prae—

128 2210 287 2260 cedente,
311 2210 349 2251 in
373 2208 451 2250 casu
469 2209 585 2260 simili,
604 2210 767 2251 conversa
785 2211 985 2261 enuntiatur
1005 2222 1040 2250 et
1060 2210 1318 2251 demonstratur
1327 2228 1337 2260 3
1372 2211 1461 2250 haec
1481 2211 1584 2264 igitur

1420 2277 1586 2319 conversa

1717 217 1813 269 349
