2111 2755
238 233 336 284 344

914 206 1451 256 NOTAE.

457 323 537 351 cam
554 297 788 360 impugna‘ss'e,
807 310 932 354 utpote
947 299 1047 340 asmo
1066 311 1206 348 notam,
1229 297 1397 352 nullaque
1417 299 1718 343 demonstratione
1736 314 1900 359 egentem
1910 322 1921 354 ;

460 377 607 433 ipsisque
630 370 810 426 respondit
845 370 1005 423 quamvis
1041 370 1116 409 duo
1153 369 1263 409 latera
1298 368 1461 423 trianguli
1497 368 1632 422 reliquo
1665 374 1804 427 majora
1841 371 1921 422 effe,

461 443 572 487 sensui
596 439 824 483 manifestum
848 439 901 487 fit,
926 439 1116 492 quomodo
1139 453 1223 479 vero
1246 439 1319 478 hoc
1343 440 1403 478 fiat
1423 439 1538 478 dicere
1562 439 1606 478 ad
1630 438 1808 481 scientiam
1827 441 1922 496 spec-

461 526 523 555 tat.
584 526 665 552 vera
688 521 808 550 autern
832 507 1014 563 responsio
1043 508 1125 548 huic
1150 507 1345 564 objeffkioni
1369 521 1494 548 contra
1518 508 1612 548 hanc
1637 520 1671 548 et
1701 508 1921 564 sequentem,

459 581 613 636 aliasque
637 567 810 634 quasdain
829 577 1103 632 Propositiones,
1127 578 1217 618 haec
1242 579 1302 625 est,
1321 593 1514 618 numerum
1533 579 1752 618 axiomatum
1772 578 1844 619 fine
1862 595 1924 620 ne-

459 651 616 693 cestitate
639 649 788 689 minime
811 648 1015 702 augendum
1040 646 1120 687 effe.
1167 646 1388 687 Clarissimus
1410 658 1528 686 autem
1546 647 1729 686 Dominus
1751 646 1926 689 Clairault

461 722 526 776 qui
556 721 594 760 in
624 715 848 760 Praefatione
877 716 942 755 suis
968 717 1203 756 Geometriae
1228 715 1438 764 Elementis‚
1475 716 1614 756 Parifiis
1641 719 1745 756 Ann.
1782 731 1796 756 1
1812 729 1924 770 741.

461 791 575 839 editis,
599 787 771 843 praefixa,
795 783 904 826 refert
929 784 1119 825 Euclidem
1143 800 1292 839 operam
1316 784 1449 826 dedisse
1469 797 1508 825 ut
1530 786 1696 825 ostendat
1719 786 1794 826 duo
1818 785 1926 827 latera

462 857 629 914 trianguli
653 856 766 897 altero
784 853 967 910 triangulo
985 853 1108 894 inclusi
1132 854 1237 894 simul
1261 856 1403 895 minora
1421 853 1490 894 effe
1513 853 1677 894 lateribus
1697 856 1770 910 ejus
1789 857 1850 910 qui
1873 857 1927 910 ip-

463 927 543 969 sum
566 926 726 973 includit,
747 923 880 964 oblitus
904 925 952 963 est
976 923 1106 963 addere
1129 923 1224 963 hanc
1247 924 1504 972 conditionem,
1527 924 1593 962 viz.
1614 923 1641 963 fi
1661 923 1834 978 triangula
1859 924 1928 965 sint

462 997 563 1053 super
587 996 716 1036 effidem
739 993 832 1040 bas1;
869 993 943 1032 sme
967 991 1035 1032 hac
1059 993 1156 1032 enim
1181 991 1324 1046 possunt
1347 992 1452 1032 latera
1476 992 1643 1046 trianguli
1668 992 1780 1032 altero
1802 993 1927 1034 inclusi

463 1065 569 1119 simul
593 1066 729 1118 majora
753 1061 822 1102 effe
845 1062 950 1116 hujus
974 1060 1142 1101 lateribus
1165 1061 1203 1101 in
1227 1061 1308 1101 data
1333 1075 1547 1116 quacunque
1565 1061 1715 1109 ratione,
1751 1077 1843 1115 quae
1861 1064 1930 1102 mi-

465 1149 535 1175 nor
560 1134 602 1173 fit
634 1147 744 1186 quam
770 1130 880 1185 dupla
889 1149 898 1178 3
936 1143 976 1170 ut
1012 1130 1294 1171 demonstratum
1330 1132 1378 1171 est
1414 1146 1434 1171 a
1458 1132 1583 1185 Pappo
1606 1129 1856 1172 Alexandrino
1890 1132 1930 1171 in

465 1206 573 1259 Prop.
605 1215 645 1253 3.
670 1200 755 1242 Lib.
787 1214 827 1252 3.
851 1199 1002 1242 Colle&
1027 1200 1209 1241 Mathem.

855 1316 921 1358 Ad
956 1317 1127 1356 PROP.
1167 1318 1292 1357 XXII.
1364 1317 1471 1357 LIB.
1509 1318 1539 1356 I.

535 1410 699 1463 Quidam
722 1408 870 1463 culpant
894 1408 1084 1449 Euclidem
1108 1411 1208 1463 quod
1232 1424 1309 1449 non
1333 1409 1497 1449 ostendat
1513 1406 1677 1456 circulos,
1694 1408 1732 1448 in
1751 1406 1930 1447 construc-

467 1481 567 1520 tione
591 1479 697 1532 hujus
721 1478 960 1518 Problematis
984 1478 1185 1533 descriptos,
1216 1478 1280 1518 fibi
1303 1490 1433 1517 mutuo
1456 1492 1651 1518 occurrere.
1710 1476 1932 1530 perspicuum

466 1560 587 1589 autem
610 1547 683 1586 hoc
707 1548 755 1586 est
779 1562 824 1587 ex
848 1547 1146 1587 determinatione
1170 1562 1279 1600 quam
1303 1546 1411 1595 dedit,
1434 1548 1504 1588 viz.
1525 1546 1657 1586 debere
1680 1546 1767 1585 duas
1790 1559 1836 1585 ex
1858 1559 1932 1584 ree-

469 1619 511 1657 tis
534 1619 618 1665 DF,
637 1618 722 1665 FG,
746 1618 826 1657 GH
846 1614 982 1669 reliqua
1007 1616 1160 1667 majores
1184 1613 1252 1655 effe
1272 1630 1364 1669 quo-

468 1686 728 1740 modocunque
746 1684 911 1739 sumptas.
951 1684 1046 1737 Quis
1060 1686 1157 1724 enim
1172 1696 1253 1737 tyro
1272 1685 1364 1724 adeo

469 1754 581 1796 hebes
612 1756 661 1795 est
691 1768 730 1795 ut
761 1769 839 1794 non
870 1769 914 1794 ex
946 1755 1014 1794 hac
1037 1754 1153 1794 videat
1177 1752 1361 1803 circulum,
1805 1768 1807 1773 ‘
1848 1688 1906 1823 N

470 1837 596 1864 centro
625 1827 670 1873 F,
707 1822 893 1864 intervallo
919 1827 950 1864 F
954 1826 1005 1872 D,
1043 1822 1266 1877 descriptum,
1304 1838 1366 1862 oc·
1405 1845 1445 1886 D
1462 1847 1513 1886 M
1597 1846 1632 1886 F.
1679 1846 1712 1884 G
1870 1841 1923 1886 H

469 1909 608 1933 currere
638 1898 752 1933 metae
774 1896 849 1933 ΡΗ
872 1893 964 1933 inter
987 1895 1018 1932 F
1042 1904 1077 1932 et
1100 1895 1152 1941 H,
1190 1894 1365 1946 quoniam

469 1965 542 2005 FD
566 1965 688 2003 minor
712 1964 761 2003 est
784 1965 876 2010 FH;
912 1974 948 2002 et
971 1961 1128 2002 [imiliter
1151 1962 1325 2002 circulum
1349 1972 1475 2002 centro
1500 1963 1551 2009 G,
1575 1960 1760 2002 intervallo
1778 1963 1860 2001 GH
1878 1959 1933 2002 vel

470 2033 560 2071 GM
584 2032 808 2086 descriptum,
836 2047 1022 2072 occurrere
1041 2035 1154 2071 restae
1174 2034 1254 2072 DG
1272 2032 1362 2071 inter
1382 2033 1421 2070 G
1441 2043 1476 2070 et
1496 2033 1554 2078 D;
1590 2029 1748 2085 ipsosque
1768 2030 1833 2070 fibi
1851 2045 1931 2070 mu-

469 2111 533 2140 tuo
557 2115 752 2150 occurrere,
779 2101 882 2156 quod
906 2105 991 2149 FD,
1012 2102 1104 2149 GH,
1125 2100 1228 2141 simul
1247 2101 1399 2155 majores
1419 2099 1498 2139 sunt
1516 2098 1652 2153 reliqua
1671 2102 1765 2140 FG?
1802 2111 1837 2139 et
1854 2099 1934 2152 qui-

470 2169 554 2209 dem
578 2170 829 2210 determinatio
855 2171 945 2212 haec
970 2170 1162 2224 simplicior
1186 2171 1235 2209 est
1259 2171 1303 2210 est
1323 2185 1444 2224 quam,
1472 2184 1515 2209 ex
1540 2168 1608 2209 hac
1628 2169 1826 2216 deductam,
1851 2167 1936 2208 loco

472 2240 545 2293 ejus
569 2237 684 2293 posuit
709 2239 876 2280 Thomas
899 2240 1067 2296 Simpson
1095 2240 1134 2281 in
1157 2238 1357 2281 Elementis
1383 2238 1449 2279 suis
1473 2240 1705 2280 Geometriae
1732 2253 1815 2294 pag.
1854 2251 1935 2291 49.

1896 2320 1936 2349 ut
