2111 2755
953 211 1496 263 NOTAE.

499 318 685 359 nunquam
706 313 828 343 autem
851 303 889 343 in
912 304 1176 345 construetione
1194 304 1301 360 jubet
1323 303 1458 360 aliquid
1492 307 1580 357 fieri,
1612 310 1711 363 quod
1742 310 1860 354 facere
1883 329 1960 357 non

497 377 595 431 prius
620 374 799 413 docuerat.
861 374 1179 414 Construetionem
1203 375 1309 429 igitur
1332 377 1549 416 mutavimus
1573 377 1611 417 in
1638 394 1718 419 eam
1742 396 1853 435 quam
1885 385 1959 427 fine

497 444 611 483 dubio
636 441 805 482 Euclides
830 441 987 492 dederat,
1005 444 1044 483 in
1068 458 1140 498 qua
1158 443 1249 484 nihil
1267 445 1456 499 requiritur
1473 458 1724 500 praeterquam
1742 452 1842 503 quod
1860 468 1961 509 mag-

498 513 626 554 nitudo
646 511 710 551 fibi
734 511 798 566 ipsi
823 510 1012 566 aliquoties
1035 513 1198 554 addatur.
1254 526 1289 555 et
1312 514 1403 555 haec
1428 516 1574 570 quidem
1599 516 1752 558 habetur
1775 519 1812 558 in
1835 523 1963 564 versio-

497 582 603 623 nibus
626 596 671 621 ex
693 581 851 621 Arabica
868 581 999 638 lingua,
1032 585 1192 637 quamvis
1216 585 1254 625 in
1278 583 1401 624 iisdem
1419 586 1619 626 enuntiatio
1636 587 1904 640 Propositionis,
1928 608 1963 633 e-

489 649 619 707 jusque
638 652 895 692 demonstratio
914 650 1023 692 foede
1042 653 1230 706 depravata
1248 653 1327 693 fint.
1371 654 1529 708 Jacobus
1548 656 1656 695 etiam
1675 656 1883 708 Peletarius,
1902 663 1964 715 qui

497 723 642 776 primus,
667 734 845 774 quantum
868 720 949 770 scio,
974 736 1132 762 errorem
1155 723 1255 763 hunc
1279 722 1482 773 observavit,
1515 723 1712 779 legitimam
1735 729 1965 770 construetio-

497 806 583 831 nem
607 790 705 830 dedit
732 792 769 830 in
795 789 947 831 Euclide
971 790 1044 840 suo,
1075 793 1263 845 postquam
1288 807 1477 833 erroneam
1504 794 1660 843 dederat,
1688 811 1801 849 quam
1827 798 1910 839 dicit
1933 799 1966 840 se

497 861 667 901 omittere
691 858 853 908 noluisse,
887 861 988 914 quod
1019 859 1150 901 subtilis
1174 861 1216 901 fit
1240 874 1275 901 et
1304 861 1351 901 ad
1375 861 1502 902 similes
1534 864 1757 917 reperiendas
1779 867 1967 921 ingenium

497 942 619 978 acuat3
655 945 740 971 cum
758 944 876 969 revera
895 928 994 969 nulla
1013 929 1055 969 fit
1072 931 1164 970 inter
1183 931 1504 972 demonstrationes
1522 933 1721 973 differentia
1739 934 1805 975 nifi
1822 937 1860 977 in
1878 952 1967 978 con-

497 999 701 1048 struetione,
716 1013 826 1054 quam
846 998 992 1053 quidem
1011 997 1056 1038 ab
1075 1000 1242 1054 imperito
1250 999 1417 1040 Librario
1435 1014 1553 1042 ortam
1573 1000 1642 1042 esse
1660 1003 1860 1044 admodum
1879 1008 1968 1047 veri-

496 1067 611 1108 fimile
634 1069 782 1109 videtur.
826 1067 967 1108 Clavius
987 1069 1095 1108 etiam
1118 1081 1154 1108 et
1178 1069 1362 1124 vulgarem
1388 1083 1423 1110 et
1447 1070 1644 1126 legitimam
1668 1074 1966 1116 construetionem

496 1137 614 1186 tradit,
645 1152 721 1178 non
755 1150 877 1178 tamen
909 1137 1114 1186 observavit,
1151 1150 1191 1178 ut
1227 1154 1348 1194 neque
1378 1139 1581 1191 Peletarius,
1614 1142 1792 1183 rationem
1822 1158 1967 1200 propter

499 1221 612 1262 quam
639 1223 711 1249 una
739 1206 839 1248 alteri
864 1206 1101 1262 praeferenda
1127 1207 1180 1248 fit.

959 1323 1135 1362 PROP.
1172 1322 1240 1361 VI.
1312 1323 1422 1363 LIB.
1458 1323 1506 1362 V.

568 1414 690 1467 Hujus
715 1412 788 1452 duo
812 1412 892 1452 sunt
916 1412 1025 1461 casus,
1053 1429 1210 1468 quorum
1235 1415 1361 1468 prioris
1386 1427 1540 1462 tantum,
1576 1415 1638 1468 qui
1669 1418 1783 1472 magis
1814 1417 1966 1474 fimplex

498 1483 560 1528 est,
601 1482 857 1522 demonstratio
888 1483 924 1521 in
947 1485 1095 1523 Graecis
1118 1483 1281 1522 habetur.
1332 1496 1367 1524 et
1385 1484 1569 1524 verifimile
1592 1486 1641 1524 est
1660 1486 1858 1528 Theonem
1882 1490 1968 1530 exiss

497 1550 636 1591 timaffe
659 1550 738 1590 satis
762 1549 864 1590 fuisse
887 1551 986 1591 hunc
1012 1553 1159 1599 tradere,
1194 1567 1278 1591 cum
1312 1565 1436 1593 neuter
1468 1567 1593 1592 eorum
1619 1552 1722 1594 alicui
1746 1556 1968 1601 demonstra-

498 1623 590 1663 tioni
614 1620 791 1660 inserviret
810 1621 847 1659 in
866 1620 1028 1660 mutilata
1046 1623 1121 1676 ejus
1141 1621 1297 1661 editione
1317 1621 1400 1661 Lib.
1420 1618 1487 1671 51³3
1513 1634 1547 1662 et
1567 1622 1697 1663 eodem
1717 1626 1796 1679 jure
1816 1625 1967 1670 alterum

496 1690 628 1739 casum,
654 1702 693 1730 ut
716 1701 751 1729 et
774 1689 1061 1742 Propofitionem
1088 1691 1251 1745 quintam
1277 1690 1429 1731 omisisse
1453 1690 1629 1745 potuisset.
1685 1691 1828 1734 alterius
1847 1709 1966 1739 autem

500 1759 755 1802 demonstratio
779 1759 899 1798 addita
923 1761 983 1808 est,
1008 1772 1155 1814 uterque
1174 1761 1283 1808 enim,
1307 1772 1346 1800 ut
1365 1772 1400 1800 et
1423 1763 1532 1815 Prop.
1555 1775 1591 1811 5.
1611 1761 1818 1803 necessarius
1836 1767 1886 1805 est
1906 1767 1967 1808 de-

501 1829 750 1871 monstrationi
773 1831 880 1882 Prop.
911 1843 923 1867 1
941 1829 980 1868 8.
1007 1829 1114 1884 hujus
1138 1829 1230 1869 libri.
1280 1830 1469 1870 Verfiones
1489 1831 1593 1871 etlam
1615 1846 1659 1871 ex
1673 1832 1828 1873 Arabica
1846 1833 1965 1892 lingua

501 1900 654 1942 breviter
677 1897 852 1954 praebent
876 1910 1071 1953 utrumque
1094 1897 1224 1939 casum.

961 2013 1131 2053 PROP.
1167 2014 1217 2052 A.
1289 2014 1397 2053 LIB.
1433 2015 1482 2054 V.

570 2104 818 2158 propositione
841 2105 912 2146 hac
936 2104 1130 2160 saepiffime
1165 2118 1312 2146 utuntur
1337 2108 1570 2155 Geometrae‚
1606 2118 1642 2147 et
1676 2108 1714 2147 in
1755 2120 1822 2158 25.
1859 2109 1965 2164 hujus

500 2174 614 2223 Libri,
659 2187 733 2224 31.
760 2175 843 2215 Lib.
886 2175 925 2215 6.
968 2189 1043 2228 34.
1069 2175 1152 2216 Lib.
1188 2190 1258 2216 11.
1295 2189 1331 2216 et
1376 2189 1436 2226 15.
1461 2176 1545 2216 Lib.
1594 2189 1664 2216 12.
1700 2177 1886 2218 adhibetur
1897 2197 1907 2226 ;
1943 2195 1964 2220 a

499 2245 662 2286 Theone
686 2256 806 2284 autem
830 2259 874 2285 ex
893 2244 1091 2286 Elementis
1109 2244 1243 2287 sublata
1261 2246 1408 2294 videtur,
1436 2246 1611 2301 quoniam
1635 2244 1712 2287 satis
1736 2247 1876 2287 evidens
1901 2264 1963 2302 ap*

1818 2317 1966 2369 parebat
