2111 2755
458 199 766 252 >LIBER
823 199 1199 252 SEXTUS.
1694 219 1781 272 193

114 289 216 333 ABC
239 287 382 345 aequale
404 291 453 330 est
472 289 644 346 triangulo
666 294 794 340 ADE,
817 290 912 332 aliud
931 305 1050 333 autem
1069 293 1117 332 est
1139 287 1268 340 ABD;
1303 291 1368 333 erit
1390 304 1429 334 ut
1449 276 1557 334 CAR

109 358 322 414 triangulum
346 359 391 399 ad
414 359 624 413 triangulum
641 361 763 407 BAD,
790 361 836 400 ita
856 356 872 384 ¹³
890 359 1109 416 triangulum
1129 362 1242 401 EAD
1265 362 1311 402 ad
1335 361 1552 418 triangulum
1565 375 1594 406 b.
1614 384 1642 413 7.
1657 384 1685 418 ΞΛ,

108 430 234 468 DAB.
283 427 340 467 sed
365 440 403 467 ut
425 426 638 482 triangulum
662 429 806 481 quidem
830 430 937 469 CAB
959 430 1005 470 ad

105 497 222 536 BAD
247 495 474 550 triangulum,
500 496 547 534 ita
567 497 636 536 CA
660 496 704 534 ad
721 498 845 543 AD⁶;
881 508 921 535 ut
944 512 1004 536 au·
1118 482 1153 525 B
1401 491 1442 530 D
1557 514 1586 536 e.
1606 506 1674 536 1.6.

103 576 179 604 tem
202 563 417 618 triangulum
441 565 562 603 EAD
589 563 635 601 ad
663 561 776 615 ipsum
800 565 920 611 DAB,
956 565 1004 603 ita

103 634 182 672 EA
206 633 251 672 ad
278 634 388 679 AB0;
424 642 463 670 ut
485 631 590 685 igitur
616 625 634 653 d
660 632 728 670 CA
754 630 800 669 ad
830 632 922 677 AD,
956 631 1004 670 ita
1260 653 1300 695 A
1558 635 1588 666 d.
1608 643 1697 676 ¹¹15·

104 703 182 740 EA
215 700 260 740 ad
294 702 372 740 AB.
439 713 548 751 quare
582 697 841 751 triangulorum
877 700 1002 746 ABC,
1282 645 1500 790 Χ

100 770 216 809 ADE
240 767 357 812 latera,
389 780 480 819 quae
503 765 637 804 circum
660 764 823 819 aequales
848 764 1002 820 angulos
1061 804 1104 850 C
1472 805 1510 848 Ε

97 838 275 890 reciproce
298 833 378 874 sunt
401 832 695 888 proportionalia.
1496 886 1498 889 Ι

164 905 244 945 Sint
266 915 386 944 autem
404 901 514 942 latera
537 901 792 957 triangulorum
806 905 917 951 ABC,
937 906 1051 944 ADE
1063 905 1196 946 circum
1214 906 1376 961 aequales
1396 908 1546 964 angulos

94 974 272 1027 reciproce
301 969 590 1026 proportionalia,
627 969 752 1011 scilicet
782 971 824 1011 fit
847 985 886 1012 ut
911 975 982 1014 CA
1012 974 1057 1013 ad
1085 976 1179 1023 AD,
1206 977 1254 1015 ita
1279 979 1357 1018 EA
1389 978 1434 1018 ad
1458 981 1527 1019 AB
1534 997 1546 1027 i

94 1042 176 1082 dico
199 1040 420 1095 triangulum
437 1041 539 1080 ABC
562 1039 740 1095 triangulo
758 1043 873 1081 ADE
897 1041 1043 1094 aequale
1066 1040 1146 1082 effe.
1197 1045 1321 1098 juncta
1346 1047 1443 1086 enim
1465 1062 1543 1088 rur-

93 1108 146 1150 sus
168 1098 251 1158 BD,
275 1111 446 1163 quoniam
464 1122 502 1149 ut
520 1111 589 1149 CA
608 1109 652 1149 ad
671 1111 762 1158 AD,
780 1110 827 1149 ita
846 1110 894 1149 est
919 1112 997 1149 EA
1022 1110 1066 1149 ad
1090 1113 1170 1158 AB,
1197 1125 1236 1152 ut
1262 1125 1380 1154 autem
1401 1117 1471 1155 CA
1495 1116 1542 1155 ad

91 1181 184 1226 AD,
208 1180 256 1217 ita
279 1179 327 1218 est
346 1180 445 1219 BAC
468 1177 681 1232 triangulum
699 1178 745 1217 ad
764 1177 978 1232 triangulum
1001 1181 1149 1227 BAD0;
1185 1192 1221 1220 et
1243 1193 1283 1221 ut
1300 1184 1374 1223 EA
1397 1183 1442 1223 ad
1460 1185 1541 1232 AB,

89 1246 138 1286 ita
156 1246 369 1300 triangulum
394 1249 507 1287 EAD
525 1247 570 1285 ad
594 1246 808 1300 triangulum
832 1248 988 1294 BAD⁰;
1024 1248 1089 1287 erit
1107 1243 1124 1271 d
1142 1261 1181 1288 ut
1204 1249 1421 1304 triangulum
1437 1253 1542 1293 BAC

89 1315 136 1356 ad
160 1313 373 1368 triangulum
395 1315 523 1363 BAD,
547 1315 594 1356 ita
618 1314 832 1369 triangulum
855 1317 971 1358 EAD
991 1315 1037 1359 ad
1061 1318 1177 1356 BAD
1200 1316 1428 1371 triangulum.
1483 1334 1540 1359 ae-

89 1381 195 1435 quale
217 1383 321 1437 igitur
347 1383 435 1434 esest
463 1381 678 1437 triangukum
707 1384 810 1424 ABC
841 1382 1019 1441 triangulo
1047 1385 1175 1426 ADE.
1234 1385 1450 1440 Aequalium
1473 1388 1537 1443 igi-
1549 1411 1574 1432 e.
1592 1410 1624 1441 9.
1648 1410 1679 1442 ς,

89 1462 146 1492 tur
169 1451 241 1490 ἃς.
290 1452 349 1503 Q
366 1452 412 1491 E.
437 1452 489 1490 D.

497 1564 669 1605 PROP.
706 1567 810 1607 XVI.
882 1566 1122 1609 THEOR.

89 1647 187 1752 SI
205 1662 400 1713 quatuor
417 1651 558 1696 retiae
577 1650 719 1700 lineae
742 1654 1096 1715 proportionales
1111 1653 1294 1713 fuerint,
1308 1656 1535 1722 reetangu-

203 1718 300 1765 lum
325 1719 381 1765 ab
405 1718 615 1766 extremis
635 1736 904 1768 contentum
928 1722 1112 1786 aequale
1131 1723 1192 1770 est
1216 1724 1256 1770 ei
1280 1726 1538 1789 rectangulo

85 1787 211 1851 quod
234 1804 260 1834 a
282 1786 441 1834 mediis
465 1788 742 1836 continetur:
780 1805 826 1837 et
854 1789 887 1836 fi
910 1791 1219 1856 reetangulum
1244 1792 1299 1839 ab
1325 1794 1536 1842 extremis

85 1869 354 1903 contentum
379 1856 564 1920 aequale
590 1857 727 1905 fuerit
763 1857 803 1904 ei
844 1860 968 1921 quod
1003 1876 1029 1906 a
1064 1861 1224 1909 mediis
1262 1860 1534 1921 continetur,

85 1938 279 1988 quatuor
303 1926 444 1972 rectae
466 1925 608 1973 lineae
631 1927 988 1990 proportionales
1014 1943 1161 1977 erunt.

152 2068 231 2108 Sint
255 2079 407 2120 quatuor
431 2071 544 2109 reetae
569 2069 681 2110 iineae
705 2071 986 2124 proportionales
1005 2074 1086 2120 AB,
1104 2074 1188 2119 CD,
1211 2075 1258 2122 E,
1275 2074 1320 2121 F,
1342 2072 1385 2113 fit
1409 2073 1533 2114 seilicet

83 2147 124 2175 ut
146 2138 214 2176 AB
237 2137 281 2176 ad
306 2139 388 2185 CD,
407 2139 454 2177 ita
483 2140 519 2176 E
545 2138 590 2177 ad
610 2141 641 2178 F
650 2156 661 2186 ;
697 2140 777 2181 dico
808 2139 1052 2194 re&angtilum
1082 2153 1293 2181 contentum
1323 2156 1344 2182 a
1369 2143 1469 2182 reffis
1492 2140 1533 2180 li⁶

84 2204 158 2244 neis
180 2206 260 2255 AB,
283 2207 314 2245 F
337 2204 483 2260 aequale
507 2204 577 2247 effe
600 2208 631 2256 ei
656 2208 757 2262 quod
784 2208 863 2261 ipsis
889 2211 973 2257 CD,
1006 2212 1041 2251 E
1067 2211 1278 2251 continetur.

83 2272 133 2329 ᾗ
763 2278 794 2316 Β
818 2276 842 2316 b
1346 2280 1535 2316 Ducantur
