2111 2755
660 187 1196 238 NOTAE.
1769 197 1867 263 335

187 290 281 329 resta
303 286 413 326 EFH
432 299 524 339 quae
547 280 654 324 faciat
676 281 828 337 angulos
851 282 1031 321 interiores
1055 292 1090 320 et
1113 280 1158 320 ad
1177 276 1315 322 easdem
1339 294 1467 336 partes,
1491 280 1581 339 ipsos
1594 282 1639 327 sc.

186 359 296 404 BEF,
314 358 422 395 EFD
447 353 550 394 fimul
569 355 726 393 minores
750 350 892 390 duobus
911 351 1028 397 renim
1063 351 1278 391 convenient
1301 352 1392 392 inter
1408 351 1442 393 se
1463 355 1545 403 AB,
1563 356 1595 395 F
1599 357 1641 396 D

186 426 232 466 ad
255 437 368 479 partes
391 426 431 472 B,
460 426 500 463 D
526 423 571 462 ad
595 437 682 475 quas
705 419 748 460 sc.
771 419 892 474 anguli
911 418 990 458 sunt
1014 420 1168 458 minores
1192 419 1332 460 duobus
1355 422 1465 462 restis.

253 495 315 534 Ad
340 496 510 547 punetum
534 492 630 531 enim
654 492 686 529 F
709 490 746 528 in
775 492 865 528 reeta
890 489 963 526 FH
999 486 1130 542 angulo
1167 490 1325 530 interiori
1348 492 1446 531 BEF
1481 490 1640 546 aequalis

183 563 416 603 constituatur
431 566 444 584 ⁵¹
458 559 607 613 angulus
625 559 775 598 exterior
795 559 907 596 GFH
932 556 976 595 ad
1002 555 1141 595 easdem
1475 557 1518 596 H
1651 585 1678 607 ι.
1691 582 1741 615 ²3·
1758 583 1784 605 ι.

184 644 298 687 partes
322 634 436 671 senae
449 632 532 670 FH.
575 630 677 682 igitur
690 642 733 667 ex
748 625 938 680 praemiffis
951 628 1067 664 scitae
1079 639 1143 677 pa·
1174 643 1208 684 C
1385 646 1423 689 F
1555 648 1604 690 G

185 700 327 741 rallelae
351 701 428 746 ΕΒ,
451 701 524 738 FG
535 694 561 745 b,
584 696 851 748 aequidistantes
866 693 953 733 sunt.
993 705 1027 732 et
1051 708 1143 746 quo-
1650 713 1680 743 b.
1699 714 1750 745 23·
1764 722 1792 744 1-

183 771 281 810 niam
315 767 433 821 anguli
456 767 582 812 HFG,
611 766 717 804 GFE
741 761 844 802 fimul
869 760 1033 813 aequales
1065 761 1144 801 sunt
1580 748 1620 785 D

181 836 322 877 duobus
346 836 445 875 reffis
456 840 481 882 ε,
516 845 620 873 erunt
644 831 762 886 anguli
780 832 892 877 BEF,
907 831 1016 869 EFG
1036 828 1141 868 simul
1652 859 1678 880 e.
1699 858 1747 890 ¹3·
1764 857 1791 880 ι,

181 905 323 946 duobus
349 904 449 943 renis
483 901 657 956 aequales.
714 899 831 953 anguli
874 913 993 938 autern
1031 900 1143 946 BEF,
1210 873 1326 964 ΚΕ
1568 881 1602 921 Β

178 977 290 1015 EFD
315 972 420 1013 fimul
438 972 594 1010 mitiores
613 969 692 1009 sunt
717 966 857 1007 duobus
876 967 992 1014 Γεξὶῐες
1029 981 1138 1020 quare

179 1042 329 1098 angulus
352 1042 461 1082 EFG
486 1040 599 1094 major
623 1039 671 1079 est
695 1036 828 1092 angulo
846 1039 966 1084 EFD,
992 1047 1027 1076 et
1044 1035 1147 1076 cadet
1165 1035 1237 1074 FD
1255 1033 1347 1073 inter
1369 1033 1639 1087 aequidistantes

179 1111 239 1153 seu
258 1109 438 1166 parallelas
458 1113 567 1149 restas
585 1111 662 1157 ΕΒ,
687 1109 772 1147 FG.
820 1106 1017 1160 produfftae
1040 1117 1160 1145 autem
1184 1105 1268 1151 FG,
1294 1104 1369 1143 FD
1388 1117 1481 1156 quae
1503 1102 1550 1143 ab
1574 1118 1637 1144 eo-

179 1182 265 1222 dem
287 1183 420 1234 puneto
443 1179 475 1219 F
499 1191 643 1226 exeunt,
668 1192 688 1217 a
712 1176 744 1216 se
767 1176 918 1216 invicem
938 1175 1084 1216 tandem
1103 1172 1280 1214 distabunt
1298 1172 1410 1226 magis
1434 1187 1544 1226 quam
1562 1187 1636 1214 rec-

182 1263 238 1291 tae
251 1249 518 1303 aequidistantes
531 1250 615 1295 FG,
628 1248 715 1293 EB;
751 1258 786 1286 et
802 1258 987 1299 propterea
1006 1248 1098 1284 reeta
1111 1246 1186 1284 FD
1205 1242 1270 1282 erit
1288 1241 1435 1281 tandem
1454 1241 1500 1281 ad
1521 1253 1636 1295 partes

180 1318 284 1373 ipfius
307 1319 373 1357 ΕΒ
396 1318 587 1358 contrarias
609 1317 650 1356 iis
674 1315 719 1355 ad
744 1328 830 1369 quas
848 1315 896 1354 est
919 1317 1088 1369 punftum
1114 1315 1158 1361 F,
1182 1312 1254 1351 hoc
1274 1311 1323 1350 est
1343 1310 1531 1350 conveniet
1552 1324 1638 1350 cum

178 1386 250 1443 ipsa
272 1388 350 1428 ΕΒ.

594 1520 768 1561 PROP.
804 1517 965 1558 XXXV.
1035 1517 1148 1556 LIB.
1186 1516 1217 1554 Ι.

249 1655 523 1699 Demonstratio
546 1655 652 1710 hujus
675 1666 812 1695 mutata
835 1655 882 1694 est
906 1655 944 1694 in
967 1651 1086 1700 aliam,
1116 1650 1290 1705 quoniam
1315 1660 1383 1689 tres
1407 1645 1518 1689 effent
1540 1645 1637 1690 casus

179 1727 323 1769 seorsim
347 1725 623 1773 demonstrandi,
654 1723 681 1764 sl
704 1734 957 1779 argumentum
981 1736 1055 1775 quo
1077 1724 1198 1759 annor
1221 1720 1296 1774 ejus
1319 1719 1427 1758 utitur
1450 1717 1635 1759 adhibere—

181 1811 249 1845 tur,
273 1798 334 1850 qui
358 1794 502 1849 quidem
526 1791 620 1833 casus
643 1791 821 1832 habentur
843 1793 881 1831 in
903 1791 1062 1831 versione
1079 1803 1123 1829 ex
1140 1788 1297 1828 Arabica
1322 1786 1462 1840 lingua5
1497 1787 1534 1826 in
1548 1786 1635 1827 Ele-

179 1867 309 1907 mentis
333 1864 430 1904 enim
454 1861 540 1902 nulli
564 1860 662 1901 casus
686 1862 746 1915 qui
778 1859 925 1900 diversas
955 1860 1137 1912 requirunt
1161 1856 1489 1904 demonstrationes,
1523 1856 1631 1895 omit-

179 1935 277 1976 tendi
296 1932 384 1974 sunt.
421 1930 528 1972 aliam
547 1931 653 1985 Igitur
676 1930 768 1970 viam
791 1930 966 1977 inivimus,
988 1943 1099 1982 quam
1123 1927 1265 1981 prinum,
1285 1936 1460 1979 quantum
1478 1923 1559 1973 scio,
1577 1922 1632 1964 os-

179 2005 292 2045 tendit
314 2002 497 2041 Dominus
519 1997 696 2040 Clairault
719 2001 756 2039 in
782 1998 980 2039 Elementis
1004 1996 1069 2037 suis
1088 1996 1331 2040 Geometriae,
1347 2009 1426 2048 pag.
1445 2006 1468 2032 2
1485 2006 1499 2033 1
1512 2023 1521 2032 .
1548 2008 1631 2033 ean-

180 2073 262 2113 dem
288 2072 407 2126 postea
426 2069 524 2109 dedit
537 2069 705 2108 Thomas
724 2066 887 2122 Simpson
912 2068 948 2106 in
969 2065 1166 2106 Elementis
1190 2063 1254 2104 suis
1277 2078 1356 2117 pag.
1387 2076 1408 2112 3
1423 2075 1462 2102 2.
1487 2062 1547 2102 hie
1569 2077 1631 2102 au·

188 2156 262 2183 tern
293 2140 439 2181 adhibet
462 2140 573 2192 Prop.
610 2137 685 2176 26.
712 2137 796 2177 Lib.
830 2150 866 2176 1.
890 2134 1049 2175 Euclidis
1073 2149 1116 2174 ex
1140 2148 1209 2187 qua
1232 2132 1318 2180 sola,
1351 2130 1542 2186 aequalitas
1573 2131 1632 2170 tri—

179 2210 397 2268 angulorum
419 2223 496 2250 non
519 2206 686 2262 sequitur,
709 2221 793 2247 nam
814 2204 1018 2245 adhibenda
1038 2205 1144 2245 etiam
1163 2204 1211 2244 cst
1228 2205 1335 2258 Prop.
1358 2215 1401 2254 4.
1423 2200 1505 2240 Lib.
1531 2213 1566 2239 1.
1592 2210 1632 2238 ut

824 2277 861 2315 X
883 2288 908 2316 x
946 2286 970 2313 2.
1593 2267 1632 2308 in
