2111 2755
294 188 320 236 *1
332 185 397 253 56

691 183 1086 234 EUCLIDIS
1135 184 1797 240 ELEMENTORUM

368 301 395 322 c.
411 300 460 330 14.
472 298 502 332 ς.
515 278 635 320 minor
644 284 669 318 0.
706 277 733 316 fi
754 277 858 330 igitur
875 278 910 315 E
934 274 1073 329 superat
1091 279 1142 325 G,
1163 290 1198 317 et
1221 280 1253 317 F
1271 276 1380 331 ipsam
1404 280 1444 318 H
1469 278 1640 333 superabit
1648 302 1657 331 3
1693 297 1728 325 et
1750 284 1777 325 fi
1800 286 1965 340 aequalis,

317 628 348 659 d.
361 627 462 669 Des-5.
474 634 505 670 ς,

519 345 690 401 aequalis3
713 345 934 392 etsiminor,
943 345 1074 385 minor.
1103 344 1197 386 sunt·
1234 366 1682 413 EmG

519 431 587 470 que
612 418 659 463 E,
691 416 722 453 F
746 412 900 466 ipsarum
926 415 977 462 A,
1003 416 1045 462 Β,
1076 427 1201 455 utcun-
1241 431 1297 478 A,
1325 452 1330 459 ‚
1355 452 1361 459 .
1407 452 1448 461 -,,
1636 438 1813 485 C—

520 500 592 538 que
624 497 736 536 aeque
762 480 989 535 multiplices,
1022 495 1057 523 et
1082 485 1133 533 G,
1159 486 1200 523 H
1235 506 1274 552 B
1624 511 1806 554 D*-

521 552 674 606 ipsarum
697 553 740 600 C,
772 553 812 590 D
832 549 920 590 aliae
939 564 1121 607 utcunque
1142 568 1198 592 ae·
1239 587 1280 631 F

521 636 592 676 que
612 619 836 674 multiplices.
871 622 973 674 Ergo
997 616 1013 644 d
1032 632 1072 660 ut
1088 624 1126 661 A
1151 622 1196 667 ad
1259 630 1261 632 ’
1635 595 1685 638 H

522 692 567 741 C,
590 691 637 731 ita
660 691 690 731 B
714 689 760 729 ad
783 691 834 729 D.
888 688 915 728 fi
939 689 1042 743 igitur
1065 702 1219 744 quatuor
1242 690 1314 730 ἃς.
1375 692 1432 744 Q
1461 694 1507 731 E.
1544 695 1595 733 D.

924 802 1093 841 PROP.
1131 804 1254 842 XVII.
1329 803 1566 843 THEOR.

525 890 623 996 SI
647 885 922 952 compositae
946 887 1282 954 magnitudines
1305 886 1393 937 fint
1427 890 1798 954 proportionales,
1833 906 1880 942 et
1914 893 1979 943 di-

641 958 754 1006 visae
777 957 1133 1021 proportionales
1159 971 1302 1006 erunt.

592 1103 670 1143 Sint
694 1100 911 1156 compositae
936 1103 1199 1157 magnitudines
1229 1103 1515 1157 proportionales
1538 1105 1617 1154 AB,
1653 1107 1720 1146 BE
1730 1124 1739 1155 3
1775 1108 1861 1155 CD,
1897 1108 1981 1155 DF,

523 1172 595 1212 hoc
619 1173 668 1210 est
691 1183 730 1210 ut
756 1173 827 1210 AB
853 1171 898 1211 ad
921 1172 999 1218 BE,
1035 1172 1083 1210 ita
1106 1171 1148 1211 fit
1171 1174 1243 1212 CD
1267 1173 1312 1212 ad
1336 1175 1420 1212 DF.
1480 1175 1578 1213 Dico
1609 1178 1716 1216 etiam
1746 1174 1865 1217 divisas
1895 1190 1980 1229 pro·

523 1239 741 1295 portionales
777 1240 857 1289 effe,
897 1238 1060 1280 videlicet
1083 1252 1122 1281 ut
1143 1243 1216 1281 ΑΕ
1241 1241 1285 1281 ad
1311 1242 1388 1294 ΕΒ,
1427 1243 1474 1282 ita
1497 1241 1566 1284 effe
1658 1269 1709 1315 X

526 1311 591 1349 CF
616 1309 661 1347 ad
685 1311 768 1347 FD.

594 1379 791 1416 Sumanmr
814 1376 910 1414 enim
935 1376 1086 1430 ipsarum
1110 1381 1195 1426 AE,
1223 1381 1299 1426 ΕΒ,
1320 1380 1397 1426 CF,
1421 1379 1494 1417 FD
1512 1389 1567 1417 ut-
1925 1355 1958 1398 P

525 1461 666 1499 cunque
685 1459 795 1498 aeque
818 1443 1027 1497 multiplices
1053 1447 1144 1493 GH,
1163 1448 1254 1492 HK,
1274 1448 1367 1491 LM,
1385 1448 1471 1484 MN
1482 1463 1491 1491 3
1515 1446 1567 1498 ip—

526 1512 640 1553 sarum
664 1528 749 1552 vero
773 1513 850 1559 ΕΒ,
884 1514 916 1551 F
921 1515 959 1551 D
992 1512 1103 1552 rursus
1128 1512 1309 1553 sumantur
1333 1512 1419 1553 aliae
1442 1526 1567 1553 utcun-

844 1581 851 1588 .
895 1581 902 1588 .
1366 1583 1373 1590 .
1886 1545 1926 1588 N

526 1597 596 1636 que
620 1596 731 1635 aeque
752 1579 961 1633 mult1plices
981 1583 1067 1629 KX,
1088 1584 1166 1621 NP.
1206 1594 1241 1621 et
1265 1597 1436 1635 quomam
1457 1597 1568 1634 aeque
1617 1610 1668 1653 Η

525 1649 714 1704 multiplex
737 1651 785 1689 est
804 1651 883 1689 GH
904 1650 1006 1703 ipsius
1029 1652 1115 1698 AE,
1138 1663 1242 1704 atque
1261 1653 1340 1690 HK
1359 1650 1462 1704 ipsius
1483 1641 1566 1697 BE;
1658 1647 1666 1651 ⁴
1690 1641 1691 1659 ³
1747 1635 1780 1676 B
1832 1656 1956 1710 DM-

403 1737 417 1757 a
444 1735 470 1756 1.
484 1735 512 1767 ς.
528 1722 591 1759 erit
607 1726 620 1741 ³
635 1721 715 1760 GH
734 1719 837 1772 ipsius
856 1720 929 1757 ΑΕ
949 1734 1061 1772 aeque
1079 1718 1276 1773 multiplex,
1297 1732 1401 1772 atque
1420 1721 1498 1758 GK
1517 1719 1570 1771 ip-
1718 1727 1765 1768 Ε·
1846 1745 1847 1757 2

527 1787 594 1828 fius
611 1790 693 1828 AB.
733 1803 844 1841 aeque
863 1800 982 1828 autem
997 1787 1188 1842 multiplex
1207 1790 1255 1827 est
1270 1790 1349 1828 GH
1368 1787 1471 1841 ipsius
1483 1789 1569 1835 AE,
1795 1718 1863 1876 F}

528 1870 634 1910 atque
659 1859 741 1897 LM
765 1856 869 1910 ipfius
891 1858 967 1896 CF.
1030 1872 1115 1910 ergo
1140 1858 1219 1896 GK
1244 1871 1358 1909 aeque
1382 1854 1570 1909 multiplex
1659 1882 1705 1931 G
1751 1888 1802 1931 A
1833 1886 1873 1930 O
1918 1885 1958 1932 L

529 1927 577 1965 est
596 1928 676 1971 AB,
696 1938 800 1979 atque
819 1927 899 1964 LM
920 1924 1023 1978 Ipfius
1045 1928 1122 1965 CF.
1159 1924 1281 1973 rursus,
1307 1926 1483 1979 quoniam
1508 1939 1566 1964 ae-

529 2009 598 2047 que
621 1994 805 2047 multiplex
829 1996 876 2033 est
897 1996 978 2035 LM
1003 1993 1106 2047 ipsius
1125 1996 1199 2041 CF,
1218 2006 1323 2046 atque
1346 1997 1431 2033 MN
1457 1993 1560 2047 ipsius
1583 1994 1674 2040 FD;
1705 1993 1770 2032 erit
1789 1997 1803 2014 ³
1822 1994 1903 2031 LM
1923 2007 1980 2032 ae-

529 2077 598 2115 que
616 2062 800 2115 multiplex
824 2065 900 2109 CF,
918 2077 1023 2116 atque
1041 2066 1115 2102 LN
1137 2062 1240 2116 ipsius
1257 2065 1343 2102 CD.
1382 2061 1439 2102 sed
1464 2077 1576 2116 aeque
1599 2060 1784 2114 multiplex
1807 2072 1879 2099 erat
1898 2062 1980 2101 LM

528 2130 632 2183 ipsius
655 2132 730 2177 CF,
756 2144 859 2183 utque
885 2134 964 2170 GK
988 2132 1090 2184 ipsius
1113 2134 1196 2171 AB.
1234 2147 1346 2185 aeque
1365 2132 1468 2186 igitur
1492 2130 1676 2183 multiplex
1700 2131 1748 2169 est
1773 2131 1850 2168 GK
1874 2129 1979 2181 ipfius

529 2201 607 2248 AB,
631 2211 736 2255 atque
759 2201 830 2239 LN
862 2199 965 2255 ipsius
989 2202 1060 2240 cD
1069 2219 1079 2249 3
1115 2215 1224 2255 quare
1256 2203 1346 2250 GK,
1377 2203 1450 2242 LN
1477 2199 1630 2256 ipsarum
1652 2201 1731 2247 AB,
1761 2199 1835 2237 CD
1868 2212 1980 2250 acque

1769 2265 1978 2320 multiplices
