2111 2755
381 190 667 241 LIBER
725 186 1390 239 DUODECIMUS.

139 302 216 331 rum
242 287 324 332 KL,
354 286 452 324 MN.
515 285 611 323 Dico
634 297 767 323 conum
791 283 889 336 cujus
912 281 1001 321 basis
1024 284 1164 322 ABCD
1187 282 1347 331 circulus,
1377 293 1498 324 vertex
1521 296 1584 325 au-

138 369 209 396 tem
232 357 401 408 punetum
427 355 471 399 L,
497 353 540 391 ad
564 367 697 392 conum
720 352 818 404 cujus
841 350 931 390 bafis
954 350 1100 390 circulus
1123 352 1283 400 EFGH,
1319 364 1438 394 vertex
1461 365 1581 394 autem

137 427 175 463 N
199 426 381 476 pune‘tum,
407 419 614 473 triplicatam
638 420 770 460 habere
788 420 963 459 rationem
987 421 1061 473 ejus
1080 435 1189 473 quam
1209 419 1319 461 habet
1337 423 1407 461 AC
1427 423 1471 461 ad
1490 425 1579 463 EG.

204 492 241 529 Si
265 491 359 529 enim
384 504 458 530 non
483 489 593 529 habet
616 504 728 528 conus
751 489 930 527 ABCDL
949 489 993 527 ad
1012 504 1145 528 conum
1165 492 1231 529 EF
1234 492 1353 530 GHN
1372 489 1580 544 triplicatam

137 559 307 599 rationem
331 560 403 611 ejus
427 572 534 609 quam
560 560 627 596 AC
651 557 694 595 ad
721 557 808 597 EG,
840 555 986 594 habebit
1011 560 1186 597 ABCDL
1217 573 1331 599 conus
1361 560 1406 599 ad
1436 558 1582 615 aliquod

62 650 70 657 ι
133 626 281 668 solidum
304 627 420 666 minus
443 641 538 666 cono
562 627 748 666 EFGHN
774 622 983 677 triplicatam
1007 625 1195 674 rationem,
1219 626 1272 666 vel
1291 627 1335 668 ad
1353 630 1480 683 majus.
1515 628 1582 668 ha-

1355 701 1400 741 N

130 1776 211 1817 beat
234 1773 387 1827 primum
409 1772 453 1811 ad
478 1771 593 1811 minus
616 1773 715 1825 quod
741 1772 781 1812 fit
800 1775 854 1820 X;
889 1771 1079 1826 iisdemque
1109 1773 1261 1815 omnino
1291 1786 1329 1815 ut
1354 1775 1390 1815 in
1413 1780 1573 1831 proposi—

130 1846 226 1885 tione
245 1843 477 1895 praecedente
494 1841 710 1889 construens,
728 1842 941 1889 ostendetur,
966 1854 1005 1880 ut
1023 1842 1060 1880 in
1078 1857 1130 1891 ea,
1154 1844 1376 1896 pyramidem
1394 1847 1492 1900 cujus
1511 1848 1573 1887 ba-

129 1912 172 1952 fis
196 1911 341 1964 quidem
366 1909 586 1963 polygonum
610 1912 905 1957 EOFPGRHS,
931 1923 1048 1949 vertex
1072 1924 1190 1951 autem
1215 1916 1253 1952 N
1275 1918 1459 1966 pumstum,
1494 1931 1572 1955 ma-

125 1982 243 2035 jorem
266 1977 333 2016 effe
357 1977 469 2017 solido
493 1980 540 2016 X.
595 1977 806 2018 describatur
836 1980 943 2018 etiam
973 1979 1010 2017 in
1040 1978 1174 2019 circulo
1196 1984 1350 2029 ABCD,
1387 1986 1573 2037 polygono

128 2047 415 2088 EOFPGRHS
440 2044 551 2084 fimile
574 2045 799 2100 polygonum
823 2048 1150 2104 ATBYCVDQ‚
1186 2064 1206 2088 a
1230 2065 1302 2103 quo
1333 2052 1482 2104 erigatur
1506 2067 1571 2104 py-

130 2117 234 2156 ramis
258 2115 409 2152 cundem
438 2115 602 2152 verticem
633 2114 767 2154 habens
800 2130 909 2168 quem
941 2130 1068 2162 conus;
1107 2129 1140 2155 et
1172 2117 1426 2173 triangulorum
1457 2121 1570 2159 conti-

129 2184 290 2223 nentium
304 2183 525 2237 pyramidem
537 2183 635 2236 cujus
649 2182 737 2222 bafis
756 2184 900 2235 quidem
921 2184 968 2223 est
986 2184 1208 2240 polygonum
1228 2188 1568 2238 ATBYCVDQ,

778 2253 815 2290 R
838 2265 855 2290 r
894 2264 917 2289 2
1451 2266 1568 2295 vertex

1709 213 1806 264 315
