2111 2755
348 191 636 240 LIBER
689 150 1357 238 onDEmMUS.

134 281 263 322 militer
287 292 322 320 et
345 297 579 336 unaquaeque
604 281 761 334 pyramis
784 295 904 319 earum
930 295 1020 334 quae
1044 280 1122 320 sunt
1152 282 1188 321 in
1212 280 1355 334 sphaera
1390 282 1515 336 majori
1540 284 1586 324 ad

136 365 428 402 unamquamque
452 351 678 403 pyramidum
702 347 855 402 ejustlcm
880 349 1012 388 ordinis
1037 364 1129 402 quae
1147 348 1225 390 sunt
1243 352 1278 390 in
1300 348 1408 389 altera
1427 349 1584 404 sphaera,

134 417 340 470 triplicatam
366 420 538 457 rationem
562 417 670 457 habet
693 418 765 470 ejus
789 432 898 470 quam
922 417 1030 456 habet
1054 420 1121 457 AB
1157 419 1201 458 ad
1237 434 1317 459 eam
1355 433 1445 472 quae
1469 421 1517 459 est
1541 436 1585 461 cx

133 499 256 526 centro
281 485 419 526 alterius
443 487 618 540 sphaerae.
679 497 715 524 et
740 496 780 524 ut
804 500 917 524 unum
942 487 1222 526 antecedentium
1248 488 1292 528 ad
1318 502 1431 526 unum
1462 488 1584 528 conse-

135 557 331 607 quentium,
351 556 398 594 ira
416 555 657 594 antecedentia
675 554 798 592 omnia
819 554 863 592 ad
883 555 1002 592 onmia
1023 554 1282 607 consequentia.
1322 556 1447 608 ere
1468 568 1583 597 totum

133 621 284 662 solidum
308 622 530 677 polyedrum‚
555 622 654 676 quod
674 623 722 661 est
746 622 781 660 in
807 620 951 674 sphaera
972 622 1110 675 majori,
1135 623 1178 661 ad
1205 636 1318 663 totum
1343 623 1493 664 solidum
1518 640 1584 678 po-

135 690 299 743 lycdrum
319 692 417 744 quod
442 693 478 731 in
504 690 608 730 altera
632 689 790 742 sphaera,
819 688 1026 742 triplicatam
1051 691 1225 731 rationem
1249 692 1358 732 habet
1381 692 1454 745 ejus
1479 709 1586 746 quam

136 758 245 798 habet
267 762 334 799 AB
358 760 402 798 ad
427 774 505 798 eam
529 773 619 812 quae
643 759 691 797 est
722 772 765 796 ex
795 769 919 796 centro
949 757 1087 796 alterius
1110 757 1285 811 sphaerae,
1310 761 1380 800 hoc
1405 762 1454 800 cst
1478 777 1585 816 quam

135 826 245 867 habet
270 830 342 866 BD
365 828 533 867 diameter
557 828 601 866 ad
624 825 764 866 alterius
787 824 951 878 sphaerae
976 824 1199 872 diametrum.

529 940 698 977 PROP.
736 936 883 976 XVIII.
956 938 1191 978 THEOR.

138 1022 437 1126 SPHAr-:RAE
462 1024 578 1071 inter
601 1025 643 1071 se
666 1024 713 1070 in
739 1022 961 1085 triplicata
979 1023 1082 1071 sunt
1100 1024 1273 1072 ratione
1291 1025 1472 1073 suarum
1492 1024 1584 1075 dia-

246 1108 511 1142 metrorum.

204 1235 452 1291 Intelligantur
475 1234 641 1289 sphaerae
667 1236 780 1284 ABC,
799 1237 918 1283 DEF,
939 1249 1088 1289 quarum
1109 1236 1270 1276 diametri
1282 1239 1357 1286 BC,
1372 1239 1451 1277 EF.
1489 1238 1587 1277 Dico

135 1305 235 1344 ABC
257 1303 439 1357 sphaeram
476 1304 522 1343 ad
557 1303 736 1356 sphaeram
762 1307 868 1344 DEF
894 1303 1102 1357 triplicatam
1135 1304 1268 1344 habere
1302 1305 1477 1344 rationem
1512 1306 1587 1358 ejus

135 1386 243 1425 quam
267 1372 376 1412 habet
397 1373 459 1412 BC
484 1371 529 1411 ad
553 1374 633 1411 EF.

105 1427 110 1431 .
202 1440 240 1480 Si
259 1441 355 1481 enim
373 1455 449 1481 non
469 1439 589 1489 habet,
610 1438 753 1494 sphaera
774 1442 875 1483 ABC
899 1438 943 1480 ad
967 1437 1150 1493 sphaeram
1173 1439 1352 1479 minorem
1370 1436 1441 1492 ipsa
1464 1440 1587 1487 DEF,

136 2125 192 2166 vel
214 2126 258 2166 ad
283 2128 472 2181 majorem,
497 2125 702 2180 triplicatam
725 2128 901 2167 rationem
924 2126 1070 2167 habebit
1093 2128 1178 2182 ejus,
1203 2141 1311 2181 quam
1334 2126 1442 2167 habet
1455 2127 1517 2166 BC
1541 2126 1585 2165 ad

138 2196 251 2236 EF&
287 2196 417 2238 habeat
439 2198 557 2252 primo
581 2196 626 2237 ad
649 2197 839 2249 minorem,
875 2196 1034 2239 videlicet
1070 2198 1115 2238 ad
1140 2199 1277 2247 GHK5
1312 2209 1347 2239 et
1369 2195 1584 2247 intelligatur

1443 2263 1587 2317 sphaera

1719 207 1813 258 335

1615 2191 1626 2205 ⁸*
1637 2191 1694 2215 Vid.
1704 2191 1733 2216 ad
1744 2193 1805 2217 hane

1598 2230 1678 2250 noram
1691 2226 1761 2257 Prop.
1772 2233 1795 2250 2.
