2111 2755
404 182 742 232 ·LIBER
805 181 1244 232 TERTIUS.

1704 205 1794 252 105

188 281 233 320 In
263 275 394 318 circulo
425 277 521 316 enim
554 263 693 316 ABCD
725 275 813 315 duae
847 278 961 315 rectae
991 273 1104 314 lineae
1128 277 1209 323 AC,
1243 277 1315 315 BD
1347 272 1415 315 sese
1445 285 1573 316 mutuo

121 347 273 388 secent
265 362 301 386 in
332 349 464 400 puncto
489 347 542 392 Ε,
579 345 659 384 dico
688 341 932 398 reetangulum
961 354 1170 382 contentum

120 416 198 470 ipsis
222 418 306 460 ΑΕ
344 416 411 453 EC
441 412 585 466 aequale
617 411 683 451 effe
709 410 911 466 rec'tangulo
935 411 1033 465 quod
1056 412 1169 451 conti·
1213 415 1259 461 Α
1502 408 1551 460 D

120 496 222 524 netur
245 483 323 537 ipsls
347 485 423 529 BE,
448 484 536 520 ED.

187 553 225 592 Si
248 553 353 605 igitur
376 552 456 596 AC,
479 551 551 588 BD
574 562 637 600 per
660 559 817 586 centrum
843 545 1029 594 transeant,
1061 547 1107 586 ita
1132 560 1170 586 ut
1216 564 1254 616 B
1509 562 1551 607 G

123 624 158 660 E
183 620 224 660 fit
248 630 407 658 centrum
431 614 551 655 circuli
579 617 737 662 ABCD,
761 612 991 653 manifestum
1023 615 1082 661 est,
1112 629 1167 653 ae-

120 687 279 742 qualibus
303 684 528 725 existentibus
555 686 640 722 ΑΕ
668 685 746 729 EC,
765 685 844 729 ΒΕ,
862 685 948 729 ED,
967 694 1002 721 et
1021 682 1262 735 refrangulum
1287 695 1498 724 contentum
1521 687 1573 738 ip—

122 757 164 796 fis
187 758 274 802 AE,
302 755 368 793 EC
392 750 537 804 aequale
561 750 629 789 effe
654 749 857 803 reetangulo
882 750 981 803 quod
1005 752 1084 797 ΒΕ,
1110 753 1186 789 ED
1215 752 1427 790 continetur.

188 820 364 862 Transeat
388 832 506 859 autem
534 834 603 858 una
627 823 798 858 rectarum
823 820 892 858 BD
916 833 978 871 per
1002 830 1176 865 centrum,
1210 817 1368 872 secetque
1391 820 1437 858 ad
1460 836 1570 874 angu-

120 892 173 933 los
197 895 308 931 renos
333 888 481 929 alteram
507 890 579 927 AC
603 902 666 940 per
690 898 852 926 centrum
878 901 953 926 non
980 885 1219 926 transeuntem
1243 888 1281 926 in
1304 889 1350 927 E.
1399 886 1570 928 Bifariam

119 961 225 1016 igitur
248 957 337 998 secta
361 960 432 996 BD
468 957 504 996 in
529 957 573 1003 F,
611 957 676 995 erit
702 958 733 995 F
768 966 930 995 centrum
967 954 1086 994 circuli

123 1030 284 1075 ABCD;
315 1028 484 1081 jungatur
506 1039 590 1063 vero
619 1027 701 1063 AF.
757 1036 791 1063 et
824 1024 992 1076 quoniam
1017 1026 1088 1062 BD
1242 1076 1245 1078 ¹
1323 995 1364 1041 D

121 1111 185 1151 per
208 1107 368 1135 centrum
392 1094 495 1132 dueta
519 1096 650 1132 renam
675 1091 803 1132 lineam
821 1095 891 1133 AC
909 1107 985 1131 non
1004 1092 1088 1131 duc·
1449 1096 1451 1098 ’

121 1178 194 1206 tam
214 1178 276 1218 per
298 1174 458 1202 centrum
481 1161 526 1200 ad
550 1164 664 1201 renos
688 1160 837 1214 angulos
868 1159 957 1199 secat
980 1161 1015 1198 in
1040 1162 1086 1208 E,
1508 1177 1510 1179 ¹

119 1231 282 1286 aequales
307 1232 398 1270 inter
421 1228 454 1268 se
480 1241 583 1269 erunt
608 1234 623 1252 a
644 1231 729 1277 AE,
761 1231 839 1268 EC.
899 1229 1086 1281 Qoniam
1120 1267 1174 1320 A
1192 1222 1341 1296 Α
1510 1260 1550 1314 C.
1586 1252 1611 1272 a.
1633 1251 1661 1282 3,
1687 1251 1715 1282 3,

120 1315 204 1341 vero
228 1303 320 1339 reeta
338 1297 430 1337 linea
448 1299 517 1336 BD
540 1296 629 1336 sena
654 1298 701 1336 est
724 1298 761 1336 in
786 1308 900 1350 partes
924 1296 1087 1350 aequales

123 1371 160 1409 in
178 1371 222 1417 F,
248 1379 282 1407 et
305 1369 340 1407 in
365 1378 478 1420 partes
500 1364 702 1419 inaequales
725 1367 762 1404 in
789 1367 835 1413 E,
861 1366 924 1404 erit
951 1368 1086 1404 rectan-

120 1436 244 1492 gulum
267 1447 476 1475 contentum
501 1435 579 1488 ipfis
597 1437 675 1483 BE,
699 1437 775 1474 ED
798 1449 871 1474 una
894 1449 979 1473 cum
999 1448 1086 1487 qua-

120 1506 223 1545 drato
247 1518 290 1542 ex
314 1506 380 1542 EF
399 1501 545 1555 aequale
563 1503 734 1555 quadrato
758 1517 801 1542 ex
819 1505 880 1542 FB
891 1499 917 1550 b,
942 1503 1012 1542 hoc
1036 1503 1084 1540 est
1103 1516 1146 1541 ex
1164 1503 1252 1548 FA;
1288 1501 1462 1555 quadrato
1486 1515 1569 1541 vero
1585 1515 1612 1544 b.
1630 1523 1659 1554 5.
1679 1523 1707 1545 2.

121 1588 165 1613 ex
188 1574 263 1612 FA
288 1570 445 1623 aequalia
468 1567 545 1608 sunt
568 1571 739 1622 quadrata
762 1586 806 1610 ex
829 1573 913 1618 AE,
937 1573 1044 1618 EF03
1079 1569 1326 1623 reetangulum
1360 1571 1465 1623 igitur
1489 1572 1570 1619 ΒΕ,
1586 1589 1717 1617 c.47.1.

121 1644 197 1682 ED
222 1654 292 1679 una
315 1654 397 1678 cum
420 1638 594 1691 quadrato
618 1653 661 1677 ex
681 1641 748 1677 EF
772 1638 916 1691 aequale
935 1640 983 1676 est
1002 1638 1176 1690 quadratis
1195 1653 1238 1676 ex
1255 1641 1340 1683 AE,
1354 1641 1432 1677 EF.
1470 1653 1570 1677 com-

122 1724 231 1749 mune
246 1706 422 1751 auferatur
435 1706 646 1758 quadratum
665 1721 709 1746 ex
722 1708 799 1754 EF,
818 1705 993 1758 reliquum
1014 1707 1117 1759 igitur
1135 1705 1378 1757 reetangulum
1397 1708 1476 1753 BE,
1494 1709 1569 1745 ED

121 1777 258 1830 reliquo
271 1775 443 1829 quadrato
457 1790 500 1813 ex
513 1776 597 1822 AE,
611 1774 682 1813 hoc
696 1776 743 1813 est
756 1774 960 1827 reetangulo
973 1775 1235 1821 contenteAE,
1251 1775 1318 1812 EC
1332 1772 1478 1827 aequale
1490 1775 1565 1813 erit.

1124 1879 1166 1923 D

191 1845 260 1884 Sed
283 1846 354 1883 BD
384 1857 446 1895 per
476 1854 636 1881 centrum
668 1843 771 1882 dueta
801 1843 890 1881 secet
921 1843 1068 1882 alteram

121 1916 190 1955 AC
214 1927 275 1966 per
299 1924 459 1950 centrum
478 1925 553 1949 non
573 1911 726 1959 ductam,
753 1910 810 1950 sed
835 1926 910 1950 non
935 1911 981 1950 ad
1006 1925 1068 1949 an-

121 1981 223 2037 gulos
249 1983 372 2025 rectos,
392 1980 428 2016 in
454 1982 586 2030 puncto
610 1982 655 2017 E.
700 1978 813 2022 rursus
837 1980 951 2032 igitur,
977 1977 1068 2017 bifa-
1319 2026 1323 2029 ι
1347 2013 1350 2017 ,
1504 2011 1506 2027 ,

119 2050 206 2090 riam
230 2047 318 2086 sena
348 2049 420 2085 BD
452 2046 488 2084 in
520 2048 562 2093 F,
598 2047 661 2085 erit
685 2049 715 2085 F
745 2059 905 2085 centrum
936 2045 1065 2085 circuli.
1105 2051 1158 2096 Α
1235 2081 1240 2084 ,
1382 2025 1486 2089 ,ξε-ἑ
1504 2052 1541 2098 C

122 2121 298 2173 jungatur
314 2117 396 2161 AF,
422 2129 442 2152 a
465 2126 587 2153 centro
611 2129 693 2153 vero
714 2117 744 2153 F
764 2115 908 2153 ducatur
933 2115 977 2153 ad
997 2117 1065 2153 AC

120 2182 414 2241 perpendicularis
439 2177 454 2206 d
479 2185 509 2221 F
513 2184 550 2221 G
567 2201 576 2230 3
606 2184 654 2222 est
678 2183 781 2237 igitur
807 2185 887 2222 AG
913 2182 1065 2236 aequalis

823 2252 859 2290 O
1507 2249 1569 2302 ipsi
