2111 2755
318 200 409 252 166
456 222 462 229 ⁸
693 190 1089 246 EUCLIDIS
1133 186 1794 240 ELEMENTORUM

528 288 703 346 quoniam
725 285 775 324 est
797 294 837 323 ut
857 283 889 322 B
914 280 960 321 ad
982 281 1027 331 C,
1065 283 1114 322 ita
1146 283 1186 322 D
1219 280 1266 321 ad
1294 283 1342 329 E,
1378 293 1414 321 et
1448 277 1607 333 sumptae
1641 280 1721 322 sunt
1754 279 1907 336 ipsarum
1941 284 1985 332 B,

530 362 571 400 D
594 369 707 411 aeque
730 350 945 405 multiplices
969 352 1022 401 H,
1046 354 1097 401 K,
1122 349 1274 406 ipsarum
1291 364 1376 391 vero
1397 351 1441 399 C,
1461 351 1509 398 E,
1529 347 1617 388 aliae
1638 363 1748 406 aeque
1771 348 1985 405 multiplices

402 447 428 467 „a
441 443 472 473 4.
488 442 517 476 ς.
532 430 578 477 L,
596 428 644 469 M
652 443 664 474 ;
699 423 764 464 erit
783 428 798 445 ⁰
816 431 858 461 ut
874 422 916 463 H
940 420 986 461 ad
1009 423 1055 471 L,
1073 422 1122 462 ita
1136 423 1174 462 K
1192 421 1238 462 ad
1249 422 1310 462 Μ.
1358 417 1535 461 ostensum
1558 429 1678 458 autem
1701 419 1749 458 est
1771 430 1807 459 et
1827 431 1866 459 ut
1879 421 1917 461 G
1943 420 1987 459 ad

532 499 586 547 H,
604 497 652 537 ita
664 491 796 536 effeM
813 490 860 532 ad
878 494 930 533 N.
966 493 1140 547 quoniam
1159 492 1264 548 igitur
1281 503 1350 531 tres
1368 488 1447 532 sunt
1469 487 1729 543 magnitudines
1747 489 1799 535 G,
1820 489 1873 537 H,
1891 491 1937 537 L,
1956 500 1990 528 et

541 1381 628 1424 aliae
652 1379 733 1435 ipfis
757 1392 911 1420 numero
936 1376 1099 1432 aequales
1124 1379 1174 1425 K,
1198 1378 1257 1425 M,
1278 1378 1317 1415 N
1342 1374 1448 1414 binae
1466 1371 1623 1428 sumptae
1640 1373 1678 1415 in
1697 1374 1823 1415 eadem
1847 1377 1995 1426 ratione,

388 1456 416 1485 d.
433 1461 482 1484 21·
496 1460 525 1493 5·
541 1454 664 1505 estque
682 1449 886 1504 perturbata
903 1462 1027 1488 earum
1045 1447 1247 1501 proporti03
1282 1444 1310 1484 fi
1329 1440 1346 1469 d
1366 1446 1405 1484 G
1423 1441 1563 1497 superat
1581 1446 1628 1492 L,
1652 1457 1688 1484 et
1705 1447 1743 1484 K
1767 1442 1873 1498 ipsam
1892 1448 1929 1484 N
1949 1444 2003 1485 su-

540 1519 697 1575 perabit3
733 1531 769 1558 et
786 1517 813 1558 sl
836 1515 1003 1570 aequalis,
1023 1514 1178 1569 aequalis
1186 1531 1197 1562 ;
1231 1527 1266 1554 et
1289 1514 1316 1554 fi
1334 1514 1464 1561 minor,
1482 1514 1615 1552 minor.
1652 1510 1731 1552 sunt
1754 1524 1872 1553 autem
1885 1515 1937 1561 G,
1953 1515 2004 1562 K,

542 1588 694 1643 ipsarum
717 1590 767 1636 A,
794 1589 846 1635 D,
870 1598 1056 1639 utcunque
1079 1599 1190 1637 aeque
1212 1581 1426 1636 multiplices
1435 1599 1444 1629 ;
1480 1594 1516 1621 et
1538 1585 1584 1629 L,
1609 1584 1647 1621 N
1679 1594 1862 1636 utcunque
1892 1596 2006 1636 aeque

340 1667 484 1709 καὶῆ-ς,
497 1676 526 1708 5.
543 1656 755 1711 multiplices
779 1653 931 1709 ipsarum
955 1655 999 1702 C,
1024 1657 1067 1694 F.
1116 1664 1155 1692 ut
1178 1652 1281 1707 igitur
1299 1658 1313 1675 e
1331 1655 1369 1691 A
1387 1651 1432 1690 ad
1457 1652 1500 1698 C,
1524 1651 1573 1690 ita
1596 1652 1637 1690 D
1660 1651 1706 1691 ad
1730 1652 1772 1690 F.

613 1727 692 1767 Sint
712 1726 791 1780 jam
817 1736 970 1778 quatuor
994 1722 1256 1778 magnitudines
1278 1723 1328 1768 A,
1351 1722 1393 1768 Β,
1415 1721 1460 1769 C,
1493 1722 1534 1759 D
1564 1731 1600 1759 et
1623 1718 1711 1759 aliae
1743 1717 1823 1773 ipsis
1854 1732 2006 1759 numero

543 1794 705 1850 aequales
729 1796 776 1842 E,
795 1796 840 1841 F,
860 1795 912 1841 G,
940 1794 980 1831 H
1002 1808 1095 1847 quae
1119 1790 1224 1830 binae
1250 1788 1408 1843 sumptae
1433 1789 1472 1828 in
1497 1789 1624 1828 eadem

1702 1861 1748 1895 A.
1777 1859 1818 1895 Β.
1850 1858 1894 1896 C.
1918 1859 1970 1896 D.

1700 1927 1746 1963 E.
1772 1927 1814 1963 F.
1842 1927 1893 1964 G.
1918 1926 1970 1964 H.

1680 2016 2001 2025 ——,—-...--

544 1865 622 1905 sunt
651 1864 809 1910 ratione3
844 1861 887 1901 fit
912 1871 1034 1900 autem
1060 1858 1263 1915 perturbata
1283 1873 1405 1897 earum
1424 1858 1622 1911 proportio,

543 1933 705 1974 videlicet
729 1945 767 1972 ut
789 1934 828 1971 A
848 1931 893 1969 ad
919 1932 961 1977 B,
983 1930 1030 1969 ita
1045 1932 1084 1970 G
1104 1929 1147 1969 ad
1162 1931 1201 1967 H
1211 1946 1221 1975 3
1257 1939 1296 1966 ut
1314 1942 1396 1966 vero
1411 1929 1441 1966 Β
1460 1926 1504 1965 ad
1518 1928 1561 1972 C,
1576 1927 1623 1965 ita

543 2004 576 2042 F
597 2003 641 2041 ad
665 2004 723 2049 G3
760 2013 795 2041 et
819 2011 860 2039 ut
883 2001 915 2039 C
941 1998 1052 2048 adD,
1078 2000 1126 2039 ita
1150 2000 1184 2037 E
1209 1997 1252 2036 ad
1276 1998 1320 2035 F.
1361 1997 1429 2036 erit
1449 1997 1487 2035 A
1509 1995 1554 2035 ad
1572 1997 1624 2043 D,

544 2082 584 2110 ut
603 2071 639 2110 E
662 2070 707 2108 ad
730 2073 784 2109 H.

613 2138 801 2191 Qoniam
826 2139 923 2177 enim
948 2150 1015 2177 tres
1040 2134 1117 2175 sunt
1140 2133 1402 2189 magnitudines
1420 2135 1467 2181 A,
1481 2135 1521 2181 B,
1537 2135 1569 2172 C
1588 2144 1622 2171 et
1640 2130 1729 2171 aliae
1752 2129 1831 2183 ipfis
1855 2144 2009 2170 numero

544 2205 705 2262 aequales
729 2209 772 2256 F,
797 2208 848 2256 G,
872 2209 912 2246 H
939 2221 1029 2261 quae
1060 2204 1165 2245 binae
1189 2202 1349 2257 sumptae
1372 2201 1451 2242 sunt
1475 2203 1512 2242 in
1543 2201 1671 2241 eadem
1701 2200 1855 2245 ratione,
1887 2200 2008 2251 estque

1801 2266 2005 2321 perturbata
