2111 2755
348 198 634 247 LIBER
693 193 1355 245 DUODECIMUS.
1717 211 1812 262 319

135 289 277 344 aliquod
303 290 417 344 majus
440 304 535 327 cono
559 291 758 335 EFGHN,
793 288 1002 341 triplicatam
1032 290 1209 328 rationem
1239 289 1348 329 habet
1378 289 1452 344 ejus
1476 303 1585 344 quam

132 362 202 400 AC
216 359 260 398 ad
277 360 361 397 EG.
401 359 465 396 ost«
476 357 572 396 nfixm
590 369 705 396 autem
726 358 774 396 est
788 371 903 410 neque
916 357 959 395 ad
979 358 1106 396 minus.
1147 358 1273 410 Quare
1286 373 1397 397 conus
1410 361 1586 400 ABCDL

133 429 176 467 ad
202 429 389 466 EFGHN
411 441 557 471 conum,
580 424 787 477 triplicatam
809 426 983 464 rationem
996 425 1106 465 habet
1128 427 1200 480 ejus
1219 442 1326 481 quam
1350 430 1419 466 AC
1432 428 1478 466 ad
1497 430 1584 468 EG.

133 507 171 534 ut
189 507 306 534 autem
326 509 437 533 conus
456 494 499 532 ad
519 508 664 539 conum,
683 494 730 531 ita
749 492 928 544 cylindrus
947 494 991 532 ad
1009 492 1255 545 cylindrum&
1292 495 1467 534 ostensum
1487 497 1582 535 enim
1598 496 1627 525 ¹⁴·
1649 503 1696 534 ¹5·
1712 503 1740 534 S·

131 564 179 601 est
202 578 350 601 omnem
375 576 507 601 conum
533 562 672 599 tertiam
697 572 834 612 partem
859 559 927 598 csse
950 560 1105 611 cylindri
1129 564 1280 602 eandem
1305 578 1413 616 quam
1433 563 1502 617 ipse
1521 549 1583 604 ba-

132 631 196 670 fim
220 630 392 676 habentis,
412 641 446 668 et
469 627 654 681 aequalem
674 627 909 667 altitudinem.
952 630 1052 681 Ergo
1076 640 1109 666 et
1128 629 1306 679 cylindrus
1321 632 1364 669 ad
1380 631 1583 683 cylindrum

131 698 341 752 triplicatam
378 698 547 735 rationem
583 695 728 734 habebit
763 697 837 749 ejus
874 710 980 746 quam
1005 698 1073 735 AC
1105 697 1149 735 ad
1176 699 1262 736 EG.
1329 698 1454 738 ssmiles
1478 701 1581 752 igitur

132 768 215 807 coni
239 778 272 804 ct
296 765 446 817 cylindri
470 765 560 802 inter
583 761 627 822 se*
641 761 719 802 sunt
742 763 778 802 in
804 761 971 815 triplicata
995 765 1128 803 ratione
1153 765 1407 806 diametrorum
1433 766 1578 807 bafium,

134 835 260 886 QE.
288 835 340 871 D.

544 923 718 961 PROP.
755 923 861 960 xm.
934 923 1171 963 THEoR.

133 1031 227 1135 SI
254 1029 476 1105 cylindrus
502 1027 635 1089 plano
659 1027 832 1104 secetur
850 1027 1062 1106 oppositis
1084 1029 1223 1105 planis
1244 1030 1468 1092 paralle10‚
1494 1031 1579 1080 erit

242 1114 294 1145 ut
321 1098 543 1160 cylindrus
569 1097 625 1143 ad
650 1096 915 1159 cyhndrum,
942 1113 1005 1145 lta
1030 1115 1122 1145 axis
1148 1101 1205 1146 ad
1229 1116 1373 1147 axem.

196 1238 389 1291 Cylindrus
418 1240 513 1277 enim
537 1240 615 1277 AD
643 1237 754 1291 plano
779 1241 859 1278 GH
890 1238 1020 1279 secetur
1050 1240 1218 1294 oppositis
1248 1240 1362 1294 planis
1392 1244 1473 1290 AB,
1505 1245 1577 1283 CD

129 1306 312 1363 parallelo,
339 1318 373 1344 et
396 1318 556 1345 occurrat
580 1307 635 1344 axi
654 1308 719 1345 EF
738 1307 774 1345 in
795 1310 832 1346 K
856 1313 1001 1360 puncto,
1026 1307 1084 1346 fit-

130 1392 201 1430 que
224 1374 317 1414 linea
341 1376 420 1413 GH
451 1374 652 1412 communis
684 1372 787 1412 senio
818 1374 914 1427 plani
939 1378 1019 1414 GH
1049 1388 1083 1414 et

129 1443 319 1497 superficiei
336 1441 486 1494 cylindri
502 1443 592 1480 AD.
625 1441 667 1480 fit
685 1452 801 1481 autem
816 1444 957 1482 AEFC
969 1442 1081 1496 paral-

129 1511 403 1565 lelogrammum
439 1507 682 1561 rectangulum
719 1510 818 1562 cujus
860 1510 1080 1553 revolutione

128 1581 220 1620 circa
245 1583 374 1618 rectam
398 1579 465 1616 EF
488 1576 665 1628 cylindrus
689 1579 766 1616 AD
791 1576 1007 1626 describitur,
1042 1579 1080 1617 in

129 1661 342 1702 quacunque
360 1647 434 1699 ejus
453 1644 624 1698 positione
634 1662 643 1691 3
675 1657 709 1683 et
722 1644 763 1683 sit
781 1649 871 1684 recta
886 1649 964 1686 GK
982 1661 1080 1686 com·

128 1717 243 1758 munis
267 1714 370 1752 sectio
382 1712 476 1766 plani
492 1715 571 1751 GH
592 1725 626 1751 et
649 1712 751 1765 ipsius
774 1716 879 1752 AEF
881 1717 923 1754 C.
971 1715 1080 1766 Quo-

129 1786 225 1826 niam
250 1783 353 1836 igitur
377 1781 484 1834 plana
502 1779 666 1833 parallcla
689 1783 769 1827 AB,
797 1784 877 1820 GH
892 1780 978 1821 secta
1002 1782 1080 1823 sunt

128 1852 238 1908 plano
261 1852 428 1897 AEKG,
453 1860 554 1888 erunt
581 1851 666 1895 AE,
692 1851 770 1889 GK
793 1864 1003 1890 communes
1027 1852 1079 1903 ip-

128 1921 248 1961 sorum
280 1918 444 1958 sectiones
480 1915 709 1970 parallelae23
751 1932 859 1970 quare
894 1918 1078 1971 parallelo-

128 2003 330 2044 grammum
350 1988 398 2025 est
420 1988 509 2032 AK,
529 1998 562 2024 et
580 1997 765 2038 propterea
784 1988 863 2026 KG
883 1988 931 2026 est
951 2002 1077 2040 aequa-

128 2058 169 2098 lis
192 2056 253 2109 ipfi
274 2059 351 2095 EA
376 2069 466 2108 quae
496 2053 538 2092 se.
566 2054 614 2092 est
637 2068 680 2092 ex
704 2067 826 2094 centro
850 2055 968 2095 circuli
994 2057 1076 2094 AB.

127 2127 253 2166 eadem
278 2127 412 2164 ratione
436 2135 470 2162 et
493 2137 616 2161 omnes
641 2127 752 2161 restae
783 2138 871 2176 quae
902 2125 1077 2163 ducuntur

126 2208 149 2234 a
170 2197 303 2249 puncto
322 2197 362 2235 K
378 2192 423 2233 ad
440 2191 569 2232 lineam
582 2193 662 2232 GH
686 2190 848 2244 aequales
866 2193 1092 2234 ostendentur
1109 2193 1149 2233 iis
1169 2208 1261 2248 quae
1278 2191 1356 2234 sunt
1375 2207 1418 2232 cx
1442 2204 1564 2232 centro

1450 2259 1567 2300 circuli
