2111 2755
220 217 286 286 36

224 1068 434 1098 n.2.C0r.15.1.

302 1420 435 1459 Yb.13.1.

615 214 1010 266 EUCLIDIS
1054 212 1722 265 ELEMENTORUM

512 307 622 348 COR.
656 321 691 347 1.
717 308 858 346 Omnes
877 305 981 346 simul
1004 304 1124 361 anguli
1146 305 1332 345 interiores
1355 304 1593 360 cujuscunque
1616 307 1750 361 figurae
1775 303 1901 345 reffiffi-

446 392 547 425 neae,
570 392 643 416 una
665 390 749 415 curn
767 387 919 427 quatuor
943 376 1042 414 reffis
1066 372 1215 428 anguliS‚
1234 375 1350 414 confi-

448 447 547 487 ciunt
565 445 619 484 bis
643 456 697 483 tot
715 447 827 483 reaos
846 455 937 497 quot
954 442 1033 482 sunt
1053 442 1161 483 latera
1181 443 1324 496 figurae.
1414 473 1455 517 Ε
1552 419 1596 458 D

518 517 618 552 Nam
649 513 765 566 figura
795 514 935 565 quaevis
967 511 1143 552 reetilinea
1167 513 1350 551 ABCDE
1467 468 1787 574 «0

449 581 556 622 dividi
579 582 693 634 potest
717 582 754 620 in
780 592 834 619 tot
858 580 1033 635 triangula
1058 593 1145 634 quot
1169 577 1249 619 sunt
1276 581 1350 634 ejus

448 650 569 698 latera,
593 649 762 689 ducendo
786 647 913 689 scilicet
932 653 1039 688 reetas
1059 664 1079 688 a
1104 652 1237 702 punem
1250 651 1280 687 F
1296 649 1351 688 in-

448 730 503 759 tra
526 719 678 773 figuram
702 718 747 757 ad
771 732 899 757 omnes
924 719 999 772 ejus
1024 716 1185 771 angulos.
1242 717 1351 756 trian-
1489 742 1538 787 A
1791 745 1828 789 B

447 786 620 842 gulorum
651 798 772 826 autem
804 801 932 826 omnes
964 785 1093 840 anguli,
1125 801 1188 839 per
1212 800 1353 839 praece-

448 856 608 904 dentem,
635 854 741 895 fimul
764 854 926 908 aequales
949 853 1028 895 sunt
1059 855 1112 894 bis
1140 866 1194 894 tot
1218 855 1318 893 reetis
1343 867 1431 907 quot
1456 853 1534 894 sunt
1558 854 1740 909 triangula,
1763 855 1835 895 hoe
1860 855 1910 894 est

449 937 542 979 quot
565 923 644 964 sunt
667 923 776 964 latera
809 925 952 978 figurae.
1003 939 1132 963 onmes
1151 935 1271 962 autem
1291 922 1400 962 iidem
1419 923 1539 977 anguli
1558 922 1722 977 aequales
1742 922 1821 964 sunt
1844 939 1910 964 an-

448 993 537 1048 gulis
557 994 701 1047 figurae,
722 1007 794 1032 una
814 1008 897 1032 cum
916 992 1052 1046 angulis
1072 993 1117 1032 ad
1141 994 1173 1031 F
1191 992 1357 1031 verticem
1378 1007 1613 1032 communem
1639 991 1914 1047 triangulorum,

449 1062 521 1101 hoc
539 1063 588 1101 est
612 1076 684 1101 una
706 1076 791 1101 cum
811 1074 965 1115 quatuor
989 1062 1088 1101 reetis
1098 1067 1122 1100 ²¹.
1178 1075 1264 1114 ergo
1288 1075 1416 1100 omnes
1439 1060 1557 1115 anguli
1583 1062 1714 1115 figurae
1733 1076 1806 1100 una
1824 1077 1910 1101 cum

450 1142 605 1185 quatuor
630 1131 732 1170 reetis
758 1129 920 1183 aequales
945 1129 1024 1169 sunt
1048 1130 1101 1169 bis
1127 1141 1180 1168 tot
1205 1130 1304 1168 reetis
1329 1142 1418 1182 quot
1442 1129 1520 1169 sunt
1544 1130 1664 1170 latera.

520 1201 630 1239 CoR.
659 1211 699 1238 2.
740 1200 883 1238 Omnes
906 1198 1010 1238 smml
1034 1197 1154 1253 anguli
1178 1198 1367 1237 exteriores
1390 1197 1630 1253 cujuscunque
1654 1199 1788 1254 figurae
1811 1198 1914 1240 τεῶ-ξι·-

452 1267 567 1310 lIneae
590 1266 752 1321 aequales
770 1265 851 1307 sunt
870 1280 1023 1322 quatuor
1047 1268 1159 1307 reetis.

520 1335 688 1390 Angulus
706 1336 804 1375 enim
828 1337 976 1375 interior
992 1338 1094 1375 ABC
1114 1334 1216 1374 simul
1233 1349 1317 1374 cum

451 1406 624 1446 exteriore
642 1404 825 1460 adjacente
837 1406 958 1452 ABD,
967 1403 1121 1458 aequalis
1135 1400 1151 1426 b
1166 1405 1213 1443 est
1228 1404 1318 1442 duo-
1453 1385 1509 1441 A

451 1475 517 1514 bus
551 1475 651 1515 reffis
664 1491 674 1521 ;
710 1488 797 1528 ergo
828 1487 955 1513 omnes
991 1474 1176 1512 interiores
1213 1470 1317 1512 simul

450 1559 536 1584 cum
559 1541 793 1583 exterioribus
806 1540 970 1596 aequales
993 1540 1072 1581 sunt
1096 1542 1148 1581 bis
1173 1554 1225 1580 tot
1242 1556 1319 1580 rec-

451 1614 496 1652 tis
515 1624 605 1666 quot
622 1610 701 1651 sunt
723 1610 829 1651 latera
849 1611 994 1665 figurae,
1009 1611 1079 1650 hoc
1094 1611 1152 1657 est,
1168 1625 1231 1663 per
1243 1612 1318 1649 Co·
1365 1608 1419 1661 D
1545 1611 1591 1662 B
1838 1577 1882 1630 C

452 1678 636 1720 rollarIum
654 1680 879 1733 praecedens,
904 1679 1073 1718 omnibus
1092 1679 1317 1718 interioribus

452 1747 588 1802 angulis
613 1748 747 1802 figurae
770 1763 841 1787 una
865 1763 950 1790 cum
973 1760 1125 1802 quatuor
1149 1749 1260 1788 restis.
1309 1749 1409 1802 Ergo
1434 1749 1624 1788 exteriores
1648 1746 1812 1802 aequales
1835 1745 1917 1788 sum.

453 1829 606 1871 quatuor
629 1818 741 1857 reffis.

829 1910 999 1950 PROP.
1036 1910 1216 1949 XXXIII.
1289 1907 1526 1948 THEOR.

562 2015 701 2063 UAE
734 2015 940 2080 aequales
977 2030 1025 2063 et
1059 2014 1289 2078 parallelas
1328 2015 1385 2061 ad
1423 2014 1599 2061 easdem
1634 2028 1780 2077 partes
1806 2030 1911 2061 con-

451 2153 478 2200 s
591 2085 794 2152 jungunt
817 2087 958 2134 tostae
981 2085 1138 2144 lineae,
1158 2100 1206 2134 et
1229 2084 1346 2149 ipsae
1371 2083 1577 2148 aequales
1604 2098 1650 2132 et
1675 2082 1918 2147 parallelae

470 2169 570 2203 unt.

1834 2295 1913 2337 Sint*
