2111 2755
272 214 368 268 314

349 1515 407 1548 g.1

329 1554 410 1586 hio
443 1560 454 1580 1

653 188 1048 244 EUCLIDIS
1095 188 1763 241 ELEMENTORUM

487 283 670 328 ostensum.
687 283 746 321 est.
795 294 872 319 non
896 280 1001 333 igitur
1024 289 1062 317 ut
1086 278 1226 318 ABCD
1250 277 1401 317 circulus
1432 278 1476 317 ad
1513 280 1684 321 circulum
1711 283 1872 328 EFGH,
1903 281 1951 322 ita

491 368 602 397 conus
629 353 703 392 AL
736 350 781 389 ad
813 348 961 402 aliquod
987 346 1138 388 solidum
1162 348 1278 402 majus
1302 361 1399 387 cono
1423 350 1509 386 EN.
1561 350 1734 390 ostensum
1759 361 1876 391 autem
1903 352 1952 391 est

492 437 610 476 neque
634 418 703 460 effe
727 419 771 458 ad
795 420 924 458 minus.
986 420 1090 471 Ergo
1113 429 1152 456 ut
1179 419 1324 456 ABCD
1349 416 1498 456 circulus
1522 417 1567 456 ad
1596 417 1765 459 circulum
1790 422 1952 469 EFGH,

492 493 542 533 ita
565 492 613 531 est
636 503 749 531 conus
772 491 844 530 AL
869 488 914 528 ad
938 489 1014 527 EN
1040 500 1187 527 conum.
1247 485 1306 526 sed
1330 498 1368 526 ut
1391 501 1504 526 conus
1523 486 1568 526 ad
1587 501 1734 537 conum,
1756 488 1803 529 ita
1820 489 1868 529 est
1891 503 1952 543 cy-

416 1514 444 1582 f·
461 1513 491 1582 ξ·
505 1516 641 1560 lindrus
665 1517 710 1558 ad
735 1515 986 1571 cylindrumg;
1022 1519 1071 1557 est
1097 1518 1194 1556 enim
1218 1530 1368 1568 uterque
1392 1513 1571 1568 utriusque
1590 1513 1752 1569 triplush.
1806 1530 1841 1557 et
1863 1518 1963 1573 igitur

505 1601 546 1629 ut
575 1590 722 1629 ABCD
752 1586 900 1628 circulus
933 1587 978 1627 ad
1004 1585 1177 1627 circulum
1204 1587 1366 1632 EFGH,
1398 1586 1445 1623 ita
1474 1583 1551 1624 sunt
1581 1585 1680 1640 super
1711 1587 1790 1641 ipsis
1814 1587 1966 1640 cylindri

507 1673 620 1712 acque
644 1656 715 1697 alti.
765 1660 868 1711 Ergo
891 1657 974 1696 coni
999 1668 1034 1696 et
1058 1655 1211 1709 cylindri
1235 1657 1296 1710 qui
1322 1654 1475 1694 eandem
1497 1654 1634 1696 habent
1655 1655 1888 1706 altitudinem,
1911 1658 1965 1698 in·

508 1739 560 1768 ter
583 1726 617 1768 se
640 1726 720 1768 sunt
743 1739 784 1768 ut
808 1725 916 1766 bases.
973 1727 1031 1781 Q
1049 1727 1095 1765 E.
1122 1727 1173 1764 D.

927 1840 1096 1879 PROP.
1134 1839 1221 1876 XII.
1295 1837 1534 1876 THEOR.

513 1927 756 2031 SIM1LES
792 1925 895 1973 coni
926 1941 975 1973 et
1009 1924 1200 1988 cylindri
1233 1924 1348 1971 inter
1376 1924 1419 1971 se
1448 1924 1549 1972 sunt
1578 1921 1627 1970 in
1653 1921 1879 1987 triplicata
1901 1940 1993 1972 ra·-

630 1999 754 2045 tione
780 1996 1107 2044 diametrorum
1132 1993 1317 2042 basium.

581 2141 660 2180 Sint
684 2140 811 2180 ssmiles
835 2142 917 2181 coni
943 2153 977 2180 ct
1000 2139 1162 2193 cylindri,
1195 2153 1350 2192 quorum
1381 2136 1476 2177 bases
1500 2136 1644 2190 quidem
1669 2134 1790 2175 circuli
1809 2136 1965 2183 ABCD,

513 2211 675 2260 EFGH,
703 2210 866 2251 diametri
889 2225 973 2251 vcro
994 2210 1130 2250 balium
1155 2211 1236 2258 AC,
1263 2211 1350 2257 EG,
1371 2220 1406 2248 et
1423 2222 1503 2248 axes
1521 2220 1698 2248 conorum
1716 2204 1767 2245 vel
1785 2204 1965 2258 cylindro-

1885 2286 1965 2313 rum
