2111 2755
906 201 1444 251 NOTAE.

455 297 593 337 tionem
618 290 737 346 anguli
758 289 869 332 solidi.
906 293 967 331 Ex
985 291 1078 332 hisce
1103 305 1222 333 autem
1246 305 1280 332 et
1299 293 1523 334 Definitione
1543 296 1689 346 decima,
1708 296 1784 339 satis
1804 298 1916 354 liquet

458 378 567 420 quam
589 359 745 402 multum
766 360 811 401 ab
835 362 1007 416 imperitis
1032 362 1208 417 depravati
1233 362 1301 402 sint
1324 362 1362 402 hi
1387 361 1501 402 Libri.

930 478 1064 516 DEF.
1102 478 1150 515 X.
1221 478 1330 516 ΜΒ.
1368 452 1435 549 fi.

510 571 696 624 Quoniam
710 567 823 609 sensus
835 568 932 609 verbi
950 573 972 591 “
983 568 1134 623 aequalis
1145 570 1162 584 ”
1182 581 1291 609 notus
1305 571 1354 609 est
1367 580 1449 609 ante
1463 569 1556 609 hanc
1568 569 1842 619 Definitionem,
1856 573 1920 627 igi-

458 652 517 681 tur
539 640 740 695 Propofitio
757 654 848 693 quae
867 640 916 678 est
935 639 1112 679 Definitio
1131 639 1266 678 decima
1284 639 1390 694 hujus
1409 638 1511 678 Libri
1530 639 1578 678 est
1591 639 1802 680 Theorema
1822 642 1921 695 quod

456 724 580 750 verum
599 721 659 749 aut
679 707 807 749 falsum
831 707 900 748 effe
925 707 1243 747 demonstrandum
1264 709 1323 755 est,
1344 722 1420 747 non
1440 706 1711 756 assumendum
1747 725 1855 763 quare
1879 725 1922 750 ex

457 779 707 832 Propofitione
732 777 1009 817 demonstranda
1032 777 1170 816 Theon
1190 776 1316 816 aliusve
1334 777 1464 816 Editor
1486 777 1605 830 inepte
1630 775 1713 817 fecit
1734 778 1827 818 hanc
1846 782 1923 819 De-

457 848 661 889 finitionem
676 848 870 902 figurarum
890 844 1082 885 solidarum
1103 844 1270 884 similium
1288 858 1322 885 et
1340 844 1552 898 aequalium.
1590 845 1717 885 ssmiles
1737 848 1833 886 enim
1854 846 1924 888 esse

456 918 589 972 figuras
609 916 932 957 demonstrandum
950 916 999 954 est
1018 929 1062 953 ex
1076 914 1301 954 Definitione
1319 913 1486 954 similium
1505 912 1697 953 solidarum
1713 915 1923 971 figurarum;

457 985 624 1040 aequales
649 998 769 1025 autem
787 983 855 1024 effe
874 983 1135 1023 ostendendum
1170 984 1219 1022 est
1243 998 1287 1023 ex
1315 983 1521 1031 Axiomate,
1550 987 1572 1005 “
1587 985 1692 1036 Qae
1710 984 1775 1024 fibi
1794 998 1925 1026 mutuo

457 1061 480 1079 “
505 1066 711 1109 congruunt
728 1055 819 1093 inter
838 1052 871 1093 se
895 1052 973 1093 sunt
993 1051 1187 1106 aequalia,”
1211 1051 1267 1092 vel
1285 1067 1329 1092 ex
1342 1051 1589 1106 Propofitione
1608 1055 1656 1100 A,
1675 1052 1730 1092 vel
1747 1056 1854 1107 Prop.
1882 1068 1922 1107 9.

456 1136 518 1165 aut
542 1127 651 1178 Prop.
687 1137 700 1162 1
715 1137 757 1176 4.
782 1122 866 1162 Lib.
891 1135 929 1172 5.
955 1138 998 1162 ex
1017 1137 1092 1176 quo
1116 1123 1325 1169 Axiomate,
1349 1121 1404 1161 vel
1426 1136 1470 1162 ex
1493 1135 1616 1161 earum
1633 1121 1924 1175 Propofitionum

459 1193 590 1248 aliqua,
616 1193 781 1233 omnium
806 1193 961 1232 omnino
986 1192 1179 1247 figurarum
1203 1190 1394 1245 aequalitas
1412 1190 1541 1230 ultimo
1565 1190 1843 1232 demonstranda
1867 1207 1925 1232 ve-

457 1264 523 1305 nit.
565 1264 602 1303 in
620 1260 912 1317 praecedentibus
926 1260 1043 1301 Libris
1068 1259 1204 1300 nullam
1227 1259 1428 1314 aequalium
1452 1261 1646 1314 figurarum
1659 1261 1923 1301 Definitionem

459 1332 604 1371 tradidit
616 1331 784 1371 Euclides
807 1345 926 1384 neque
949 1343 1044 1370 certe
1072 1330 1168 1370 hanc
1190 1330 1298 1370 dedit.
1354 1345 1444 1383 quae
1473 1331 1570 1369 enim
1594 1329 1720 1369 dicitur
1746 1331 1926 1370 Definitio

458 1401 585 1455 prima,
610 1399 693 1439 Lib.
719 1412 758 1449 3.
786 1414 906 1439 revera
936 1401 985 1439 est
1011 1400 1224 1440 Theorema
1247 1401 1284 1438 in
1309 1413 1385 1453 quo
1409 1397 1568 1438 asseritur
1599 1413 1659 1437 eos
1690 1398 1842 1438 circulos
1867 1414 1924 1438 ae-

460 1467 583 1522 quales
608 1466 677 1507 esse
701 1481 857 1521 quorum
884 1483 976 1520 quae
996 1483 1039 1508 ex
1062 1470 1190 1508 centris
1208 1467 1285 1507 sunt
1304 1467 1480 1521 aequales,
1500 1466 1599 1520 quod
1617 1467 1765 1520 quidem
1785 1482 1828 1507 ex
1846 1470 1924 1507 De-

462 1537 626 1578 finitione
649 1535 769 1576 circuli
793 1535 971 1590 perspicue
995 1548 1139 1590 apparet
1152 1554 1160 1584 ;
1197 1536 1349 1588 ideoque
1374 1550 1394 1574 a
1426 1535 1584 1590 quodam
1616 1536 1707 1575 inter
1731 1536 1924 1576 Definitio-

460 1622 525 1647 nes
549 1621 625 1647 non
650 1607 792 1660 proprie
810 1605 967 1645 locatum
987 1607 1051 1648 est.
1086 1620 1163 1645 non
1183 1606 1278 1645 enim
1298 1604 1489 1659 aequalitas
1507 1605 1702 1659 figurarum
1722 1605 1925 1646 definienda

460 1677 509 1716 est
528 1674 586 1715 sed
611 1675 904 1715 demonstranda.
954 1675 1125 1725 Qlamvis
1149 1675 1254 1729 igitur
1277 1689 1401 1714 verum
1420 1672 1504 1714 esset
1523 1675 1653 1728 figuras
1671 1672 1811 1722 solidas,
1832 1689 1925 1728 quae

459 1744 632 1785 fimilibus
651 1744 764 1799 planis
787 1743 1014 1784 multitudine
1038 1756 1073 1783 et
1095 1744 1342 1798 magnitudine
1366 1742 1573 1797 aequalibus
1597 1744 1837 1792 continentur,
1871 1744 1925 1784 in-

461 1825 514 1854 ter
539 1814 572 1854 se
597 1813 760 1867 aequales
784 1812 865 1861 esse,
892 1814 1022 1853 merito
1049 1825 1170 1852 tamen
1195 1812 1392 1866 culpandus
1417 1813 1465 1851 est
1489 1813 1516 1851 is
1538 1814 1600 1866 qui
1625 1827 1669 1852 ex
1692 1813 1761 1852 hac
1785 1816 1925 1866 Propo-

461 1883 588 1924 {itione
602 1883 877 1923 demonstranda
893 1883 1157 1922 Definitionem
1171 1880 1266 1922 fecit.
1306 1882 1406 1934 Qid
1425 1894 1543 1920 autem
1564 1882 1767 1930 dicendum,
1791 1881 1818 1921 fi
1836 1883 1924 1922 haec

461 1953 664 2007 Propositio
687 1968 764 1993 non
788 1967 868 1992 vera
891 1951 951 1990 fit?
995 1966 1120 1991 nonne
1149 1951 1398 1991 confitendum
1429 1951 1477 1989 est
1501 1952 1718 1990 Geometras
1741 1966 1804 2005 per
1827 1949 1927 1991 mille

462 2033 638 2061 tercentos
662 2037 776 2062 annos
800 2023 837 2061 in
860 2021 928 2060 hac
952 2036 988 2060 re
1011 2020 1234 2060 Elementari
1261 2021 1426 2074 deceptos
1458 2017 1580 2059 fuisse?
1623 2032 1657 2059 et
1681 2034 1726 2059 ex
1749 2021 1820 2060 hoc
1844 2021 1924 2073 qui-

461 2090 545 2130 dem
572 2091 783 2131 modestiam
809 2090 936 2130 discere
963 2089 1144 2137 debemus,
1183 2102 1289 2143 atque
1314 2089 1504 2145 agnoscere
1529 2103 1637 2142 quam
1660 2103 1791 2142 parum
1817 2087 1922 2129 nobis

459 2174 579 2199 cavere
598 2159 791 2212 possumus,
819 2175 909 2214 quae
927 2160 975 2198 est
994 2160 1122 2198 mentis
1146 2158 1326 2198 humanae
1345 2157 1576 2205 imbecillitas,
1594 2173 1640 2197 ne
1658 2158 1695 2197 in
1715 2173 1848 2198 errores
1867 2158 1922 2197 in-

458 2229 619 2269 cidamus
643 2230 749 2269 etiam
773 2231 811 2269 in
834 2229 1014 2283 principiis
1038 2227 1270 2277 scientiarum,
1303 2243 1396 2282 quae
1422 2228 1514 2268 inter
1532 2228 1690 2268 maxime
1712 2239 1821 2268 certas
1844 2242 1920 2266 me-

1853 2308 1924 2336 rito
