2111 2755
410 374 1604 457 PRAEFATIO·

388 535 429 582 E
453 543 594 579 auetore
617 539 847 577 Geometriae
865 535 1150 584 Elementorum,
1175 552 1264 590 quae
1281 537 1440 578 Euclidis
1459 537 1607 576 nomine
1625 535 1730 590 infig-

422 610 579 654 niuntur,
593 607 706 645 variae
725 604 923 645 admodum
941 603 1020 643 sunt
1041 605 1302 645 Recentiorum
1321 605 1522 652 sententiae,
1541 620 1635 658 quae
1653 619 1730 644 non

278 676 441 732 paullum
471 677 561 714 inter
591 673 625 713 se
653 672 849 727 discrepant
858 691 867 720 ;
903 673 1036 712 etenim
1059 675 1184 711 Petrus
1208 676 1346 713 Ramus
1370 686 1441 712 tam
1465 674 1732 726 Propositiones

278 761 386 798 quam
409 743 602 784 earundem
628 743 962 782 Demonstrationes
987 741 1138 780 Theoni
1162 740 1345 790 adsc1-ibit3
1389 739 1446 778 alii
1469 742 1730 792 PropofitIOnes

277 813 430 860 Euclidi,
451 812 782 852 Demonstrationes
800 824 884 849 vero
900 810 1051 849 Theoni
1070 809 1245 858 tribuunt;
1270 810 1328 850 alii
1347 810 1513 862 denique,
1531 809 1624 848 inter
1642 825 1731 862 quos

276 883 314 922 in
339 882 458 936 primis
481 879 694 920 nominandi
716 879 794 918 sunt
815 879 878 917 viri
902 878 1089 917 doffiffimi
1107 881 1265 932 Joannes
1283 882 1397 918 Buteo
1421 890 1456 917 et
1473 878 1651 916 Henricus
1671 880 1733 918 Sa-

277 950 390 999 vilius,
420 948 686 1003 Propofitiones
716 960 752 987 et
778 947 1109 987 Demonstrationes
1139 962 1266 987 omnes
1299 946 1460 987 Euclidis
1492 945 1560 985 esse
1594 948 1733 987 strenue

277 1018 512 1060 contendunt.
549 1018 640 1056 inter
664 1018 727 1057 has
749 1015 970 1056 verisimilior
992 1014 1059 1055 visa
1088 1017 1136 1055 est
1159 1018 1330 1056 Buteonis
1355 1028 1390 1055 et
1414 1013 1528 1054 Savilii
1552 1014 1731 1064 sententia,

278 1104 387 1142 quam
410 1086 562 1141 proinde
580 1084 737 1139 plerique
755 1086 832 1139 post
850 1099 910 1124 eos
929 1087 1152 1124 Geometrae
1170 1085 1323 1139 amplexi
1342 1084 1431 1124 sunt.
1481 1083 1636 1131 Savilius,
1654 1085 1732 1137 post

278 1157 431 1197 adduua
455 1155 631 1209 quaedam
654 1156 691 1194 in
715 1155 809 1194 hanc
832 1168 909 1194 rem
928 1166 1146 1208 argumenta,
1165 1169 1208 1194 ex
1226 1153 1292 1193 illis
1311 1152 1504 1199 concludit,
1529 1157 1551 1174 “
1565 1152 1733 1192 TheoniS

281 1230 303 1249 ‘⁶
328 1225 432 1266 fuiffe
456 1236 580 1278 partes,
604 1224 641 1263 in
666 1223 816 1263 Euclide
839 1223 1050 1276 paucissimis
1069 1223 1214 1276 quidem
1232 1224 1269 1261 in
1288 1222 1372 1261 locis
1390 1219 1652 1274 interpolando,
1673 1236 1733 1260 ex-

278 1299 301 1318 “
325 1293 504 1348 plicandO,
530 1292 706 1345 augendo,
731 1290 821 1330 ultra
839 1291 911 1331 hoc
935 1290 1082 1330 nullas.⁷’
1119 1306 1239 1331 verum
1257 1289 1390 1344 saepius
1408 1289 1664 1343 perpendendo
1683 1301 1733 1329 at-

281 1379 352 1418 que
376 1364 466 1401 inter
490 1359 521 1400 se
552 1359 796 1413 comparando
819 1349 1274 1412 Demonstrationes'quae
1303 1360 1340 1399 in
1365 1357 1514 1397 Euclide
1544 1372 1641 1397 nunc
1673 1373 1734 1398 ex-

279 1434 383 1478 stant,
409 1429 526 1470 inveni
551 1429 761 1475 Theonem,
787 1427 843 1467 vel
867 1429 1069 1481 quicunque
1087 1428 1217 1467 Editor
1241 1426 1311 1467 fuit
1335 1439 1447 1467 textus
1467 1427 1600 1465 Graeci
1624 1441 1733 1479 quem

278 1516 377 1542 nunc
402 1498 585 1546 habemus,
619 1497 734 1537 multo
758 1496 868 1550 plura,
899 1509 936 1535 et
958 1496 1102 1549 quidem
1129 1498 1165 1536 in
1190 1498 1298 1550 pejus,
1332 1494 1478 1535 mutasse
1501 1510 1609 1548 quam
1634 1509 1733 1548 prae-

278 1569 367 1609 ·difti
389 1569 450 1607 viri
474 1567 580 1613 doeii,
607 1566 732 1620 aliique
758 1566 976 1612 existimarim
1009 1566 1177 1604 addendo
1201 1564 1339 1612 scilicet,
1370 1565 1562 1611 demendo,
1595 1577 1655 1602 aut
1677 1563 1734 1604 sua

280 1635 463 1678 miscendo
474 1654 483 1683 ;
517 1634 715 1688 praesertim
733 1636 770 1674 in
788 1634 902 1674 Libro
921 1635 1047 1687 quinto
1065 1646 1099 1674 et
1118 1635 1309 1673 undecimo
1328 1648 1420 1687 quos
1438 1635 1498 1672 iste
1511 1632 1639 1671 Editor
1658 1647 1735 1672 non

279 1706 401 1746 leviter
424 1705 563 1744 vitiavit.
612 1706 681 1742 Ex.
701 1718 754 1756 gr.
787 1702 1026 1741 substituendo
1051 1703 1259 1749 breviorem,
1285 1715 1318 1741 at
1342 1701 1637 1755 paralogisticam‚
1662 1703 1736 1741 vice

282 1775 458 1828 legitimae
487 1772 810 1811 Demonstrationis
841 1771 1095 1823 Propositionis
1139 1772 1254 1809 Igvse
1286 1771 1385 1808 Libri
1422 1767 1491 1817 555
1525 1781 1560 1808 et
1591 1784 1633 1807 ex
1665 1770 1736 1809 hoc

279 1844 408 1890 Libro,
434 1839 642 1887 auferendo,
666 1842 755 1879 inter
778 1838 854 1886 alia,
880 1839 1016 1877 bonam
1042 1839 1201 1878 Euclidis
1224 1838 1277 1877 vel
1301 1838 1445 1876 Eudoxi
1470 1838 1613 1876 rationis
1637 1853 1738 1877 com-

283 1912 416 1966 positae
444 1910 715 1956 Defiuitionem,
747 1909 843 1961 cujus
876 1907 958 1946 loco
990 1906 1102 1960 posuit
1129 1908 1391 1946 Definitionem
1418 1904 1617 1953 absurdam,
1653 1912 1736 1954 5³³¹¹²

285 1981 329 2020 sc.
355 1978 455 2018 Libri
484 1974 545 2024 6‘5,
570 1980 639 2030 qu&
666 1992 782 2029 neque
806 1975 981 2022 Euclides,
1007 1991 1122 2028 neque
1151 1975 1400 2021 Archimedes,
1435 1973 1656 2028 Apollonius
1680 1987 1739 2014 aut
1767 2022 1769 2024 q

284 2047 375 2088 ullus
399 2059 481 2086 ante
508 2046 704 2084 Theonem
730 2047 926 2084 Geometra
957 2043 1036 2083 usus
1067 2043 1145 2090 fuit,
1177 2043 1340 2097 cujusque
1371 2043 1464 2096 apud
1495 2042 1570 2081 illos
1594 2042 1738 2083 nullum

283 2116 464 2169 vestigium
488 2115 674 2153 invenitur.
716 2114 807 2152 hanc
828 2125 944 2151 autem
966 2113 1131 2151 Theonis
1151 2113 1423 2157 Definitionem,
1446 2126 1535 2164 quae
1554 2111 1624 2150 sola
1644 2111 1737 2150 mul-

286 2197 363 2225 tum
389 2184 521 2237 negotii
547 2181 761 2234 Tyronibus
786 2179 949 2220 facessere
974 2180 1070 2227 solet,
1098 2195 1141 2219 ex
1159 2180 1250 2219 hisce
1269 2179 1466 2219 Elementis
1491 2195 1583 2219 nunc
1603 2179 1738 2220 sublata

287 2255 348 2302 est,
374 2265 480 2306 atque
504 2252 578 2305 ejus
603 2250 686 2290 loco
710 2249 785 2298 alia,
811 2265 919 2303 quam
944 2249 1016 2289 fine
1041 2249 1152 2289 dubio
1177 2248 1343 2289 Euclides
1370 2249 1526 2297 dederat,
1558 2248 1670 2302 posita
1695 2250 1743 2287 est
1792 2252 1795 2253 ⁷

1651 2330 1741 2356 inter
