2111 2755
648 184 1180 234 NOTAE.

173 276 280 318 fessos
303 290 456 331 apparet,
486 275 558 330 ipso
582 291 641 316 nic
665 287 846 321 monente,
870 273 1068 313 Eudoxum
1094 276 1272 312 auetorem
1296 269 1397 312 fuisse
1420 274 1625 328 praecipua·

173 362 252 387 rum
275 347 565 400 Propositionum
591 359 681 398 quac
705 346 742 383 in
766 344 836 383 hoc
860 341 974 381 Libro
997 342 1234 380 continentur.

607 456 779 494 PROP.
816 455 865 492 II.
937 454 1045 492 LIB.
1083 454 1169 491 XII.

242 550 303 590 Ad
323 549 459 588 initium
479 548 582 598 hujus
601 545 775 585 habentur
793 545 881 583 haec
905 548 930 565 “
945 542 971 582 fi
991 544 1087 582 enim
1107 557 1182 581 non
1202 543 1247 581 ita
1267 541 1319 590 fit,
1339 544 1403 582 erit
1422 556 1459 583 ut
1473 545 1624 598 quadra-

171 624 193 643 ⁰‘
209 631 281 658 tum
296 632 340 657 ex
352 619 421 656 BD
435 616 479 655 ad
494 615 704 668 quadratum
720 628 762 652 ex
776 615 860 659 FH,
875 613 922 651 ita
935 610 1084 650 circulus
1101 613 1244 649 ABCD
1263 610 1316 649 vel
1336 612 1379 650 ad
1400 611 1544 664 spatium
1563 613 1625 653 ali-

171 686 305 740 “quod
325 686 442 724 minus
459 682 592 722 circulo
606 684 767 728 EFGH,
785 680 838 720 vel
857 680 900 719 ad
922 679 1067 734 majus.”
1105 691 1138 717 et
1158 678 1281 718 fimilia
1299 678 1413 718 rursus
1432 694 1622 722 occurrunt

170 769 281 809 prope
301 754 409 792 finem
429 753 533 804 hujus
546 749 810 803 Propofitionis,
835 760 874 787 ut
898 759 933 786 et
951 749 987 786 in
1007 749 1138 801 Propp.
1159 761 1196 795 5.
1227 761 1239 785 1
1262 761 1294 785 Ι.
1325 760 1338 786 1
1355 760 1395 785 2.
1427 762 1440 786 1
1458 749 1496 787 8.
1517 749 1621 803 hujus

169 822 282 864 Libri.
320 821 363 860 de
383 819 510 873 quibus
531 818 788 858 observandum
805 818 865 864 est,
884 815 1438 855 demonstrationiTheorematis
1452 815 1622 866 sufficere,

167 893 205 932 in
235 888 327 930 hisce
352 901 386 928 et
409 887 578 927 similibus
602 886 747 933 casibus,
771 898 811 925 ut
834 899 887 924 res
915 885 1090 937 quaedam
1114 884 1218 937 poffit
1242 884 1395 931 existere,
1416 885 1621 926 dummodo

167 960 238 999 hoc
261 957 482 1012 perspicuum
507 955 625 1003 fuerit,
657 955 815 1009 quamvis
838 967 914 992 non
939 953 1044 1005 poffit
1068 953 1191 992 eadem
1218 953 1449 992 Geometrice
1475 954 1623 994 inveniri

168 1028 226 1068 seu
249 1025 419 1066 exhiberi.
473 1026 521 1064 ita
544 1025 602 1063 hic
625 1022 804 1063 assumitur
828 1033 991 1076 quartam
1016 1022 1158 1060 existere
1183 1019 1281 1073 posse
1313 1021 1620 1074 proportionalem

169 1095 278 1136 tribus
292 1092 605 1147 magnitudinibus,
613 1093 679 1131 viz,
695 1090 835 1131 duobus
850 1089 1028 1142 quadratis
1041 1104 1084 1129 ex
1097 1091 1178 1137 BD,
1188 1091 1259 1127 FH
1274 1100 1308 1127 et
1321 1089 1455 1128 circulo
1467 1092 1620 1140 ABCD,

168 1164 339 1218 quoniam
357 1162 484 1202 scilicet
509 1160 727 1214 perspicuum
753 1160 801 1198 est
823 1157 892 1197 effe
915 1158 1125 1211 quadratum
1149 1156 1296 1210 aliquod
1321 1157 1468 1211 aequale
1487 1158 1622 1199 circulo

170 1234 327 1279 ABCD,
353 1231 509 1284 quamvis
531 1228 617 1268 illud
637 1228 867 1268 Geometrice
885 1227 1031 1265 inveniri
1050 1240 1125 1264 non
1144 1226 1258 1278 potest
1266 1243 1275 1272 3
1313 1226 1421 1265 tribus
1440 1239 1556 1266 autem
1578 1228 1620 1267 fi-

168 1302 262 1356 guris
286 1298 468 1339 ree‘tilineis
493 1298 672 1351 quadratis
691 1295 816 1335 scilicet
834 1310 877 1334 ex
895 1297 981 1341 BD,
1006 1297 1090 1341 FH,
1117 1306 1151 1333 et
1175 1293 1346 1346 quadrato
1366 1295 1465 1347 quod
1489 1294 1622 1334 circulo

165 1370 307 1409 ABCD
331 1365 480 1419 aequale
501 1368 561 1412 est,
585 1366 696 1404 existit
715 1376 877 1417 quartum
899 1361 1164 1415 proportionale
1183 1362 1415 1414 quadratum;
1456 1377 1539 1401 nam
1559 1364 1621 1402 tri-

166 1437 234 1477 bus
258 1436 356 1476 reetis
385 1434 483 1474 lineis
515 1448 606 1487 quae
635 1431 789 1486 ipsorum
820 1430 899 1470 sunt
931 1430 1037 1469 latera
1061 1430 1172 1468 existit
1195 1441 1320 1481 quarta
1345 1430 1620 1483 proportionalis

1747 187 1844 254 '405

167 1509 258 1545 reeta
267 1510 291 1542 ².
329 1514 365 1542 et
387 1501 534 1556 spatium
556 1512 681 1554 quarto
704 1499 788 1538 hu1c
813 1498 989 1552 quadrato
1012 1496 1157 1550 aequale
1180 1496 1270 1536 illud
1294 1498 1342 1536 est
1366 1499 1465 1550 quod
1489 1500 1525 1538 in
1552 1500 1620 1540 hac
1633 1516 1658 1536 a.
1686 1514 1734 1539 12.
1752 1506 1783 1538 6,

165 1571 414 1626 Propofitione
437 1570 640 1624 designatur
664 1567 762 1607 litera
781 1569 816 1607 S.
865 1565 977 1605 simile
1002 1577 1120 1605 autem
1140 1563 1412 1619 intelligendum
1435 1568 1482 1606 est
1506 1568 1543 1606 In
1564 1583 1619 1608 re-

165 1641 266 1695 liquis
284 1637 585 1693 Propofitionibus
610 1638 719 1676 citatis
729 1654 739 1683 ς
775 1648 809 1675 et
827 1633 1009 1674 verisimile
1028 1635 1076 1673 est
1095 1634 1181 1673 haec
1202 1632 1338 1673 ostensa
1362 1632 1466 1674 fuisse
1485 1635 1529 1675 ab
1543 1638 1618 1677 Eu-

165 1709 269 1757 clide,
294 1720 329 1748 et
351 1723 370 1747 a
391 1707 551 1760 quodam
577 1706 726 1745 Editore
745 1719 789 1744 ex
813 1716 910 1743 textu
930 1701 1054 1742 deleta.
1110 1704 1264 1741 Lemma
1288 1704 1385 1742 enim
1409 1704 1509 1756 quod
1534 1704 1617 1745 huic

165 1776 404 1830 Propofitioni
429 1775 474 1815 ab
497 1776 662 1828 imperito
687 1773 846 1827 quodam
870 1770 1089 1826 subjungitur
1111 1770 1194 1810 huic
1224 1771 1274 1811 rei
1297 1770 1524 1825 explicandae
1548 1774 1615 1814 rni-

166 1847 261 1887 nime
283 1844 431 1885 inservit.

594 1934 761 1973 PROP.
798 1934 869 1972 III.
940 1933 1046 1971 LIB.
1083 1933 1170 1971 ΧΠ.

231 2051 277 2088 In
289 2040 400 2087 v‘textu
419 2048 563 2086 Graeco
588 2056 624 2084 et
646 2043 862 2084 versionibus
885 2043 1062 2097 sequentia
1091 2042 1281 2091 habentur,
1312 2043 1379 2083 viz.
1419 2047 1441 2067 “
1459 2046 1511 2084 Et
1534 2060 1617 2087 cum

166 2123 188 2143 ‘⁶
213 2118 304 2157 duae
327 2119 439 2156 tettae
464 2114 578 2154 lineae
607 2112 674 2152 sese
697 2125 879 2167 tangentes
902 2115 981 2160 BA,
1010 2112 1109 2152 AC”
1137 2112 1208 2151 &c.
1260 2111 1318 2151 hic
1349 2112 1470 2166 anguli
1493 2116 1614 2166 ΒΑΕ,

163 2182 277 2230 KHL
301 2200 371 2241 ope
394 2187 504 2239 Prop.
537 2197 551 2224 1
568 2197 607 2247 ε)ἴ
631 2182 714 2224 Lib,
745 2196 759 2224 1
780 2195 815 2224 1.
842 2180 1007 2237 aequales
1031 2181 1278 2229 ostenduntur,
1304 2181 1403 2236 quod
1425 2183 1520 2236 prius
1539 2180 1614 2222 fae-

1539 2261 1615 2290 turn
