2111 2755
617 187 1157 240 NOTAE.

163 287 239 329 BC.
311 280 683 340 parallelogrammum
707 282 808 336 igitur
831 283 879 321 est
901 283 1063 331 ABCD;
1097 296 1205 337 quare
1228 281 1392 339 opposita
1414 283 1488 341 ejus
1509 283 1620 331 latera

162 355 242 399 sunt
264 355 354 395 inter
373 352 407 393 se
425 351 583 406 aequalia
607 365 650 391 ex
673 353 781 404 Prop.
812 363 884 403 34.
910 350 993 391 Lib.
1024 363 1037 390 1
1051 381 1060 390 .

233 422 373 467 Omissa
395 423 498 478 igitur
520 422 568 462 est
586 420 693 461 altera
711 434 755 460 ex
778 419 871 460 hisce
892 419 1138 461 affeclionibus
1161 420 1199 462 in
1217 419 1307 463 Def.
1335 435 1357 474 3
1371 435 1410 474 3.
1434 423 1521 466 Lib.
1554 439 1568 467 1
1581 454 1592 468 .

563 532 626 573 Ad
662 533 829 572 PROP.
865 533 952 572 VII.
1024 533 1134 573 LIB.
1172 534 1202 573 I.

230 627 501 672 Demonstratio
522 626 627 681 hujus
651 624 739 665 duos
762 623 871 664 habet
892 621 999 671 casus,
1035 637 1193 678 quorum
1228 627 1256 666 is
1293 628 1354 681 qui
1389 626 1535 670 omIssus
1566 631 1616 672 est

161 702 290 758 pariter
313 700 362 739 est
385 694 591 737 necess‘arius
614 709 655 734 ac
678 692 736 733 ille
753 693 815 746 qui
832 691 926 733 solus
942 692 1094 733 habetur
1117 693 1154 733 in
1174 706 1270 734 textu
1290 697 1446 737 Graeco.
1495 698 1616 740 casum

160 782 283 811 autem
306 765 471 808 omissum
495 764 655 818 primitus
678 759 779 801 fuisse
801 762 839 801 in
864 773 975 808 textu,
1008 775 1052 801 ex
1081 762 1153 801 hoc
1176 763 1406 805 manifestum
1431 767 1491 815 est,
1515 767 1616 821 quod

158 837 310 880 secunda
328 849 408 889 pars
424 836 532 887 Prop.
556 844 594 882 5.
619 830 703 871 Lib.
726 844 762 870 1.
787 844 878 884 quae
895 829 1021 871 scilicet
1039 829 1226 871 necessaria
1251 834 1299 872 est
1323 834 1616 878 demonstrationi

158 905 256 948 casus
275 903 401 952 omissi,
420 901 550 943 nullius
573 901 616 941 fit
638 898 718 941 usus
740 899 805 939 nisi
828 899 874 940 ad
896 899 990 940 hanc
1014 899 1374 951 demonstrationem
1410 919 1497 944 nam
1520 903 1616 945 clare

158 974 311 1029 sequitur
328 973 417 1013 haec
436 984 526 1024 pars,
540 984 584 1009 ex
596 970 709 1022 prima
722 980 756 1008 et
768 970 874 1022 Prop.
898 982 913 1008 1
930 981 969 1019 3.
983 968 1066 1008 Lib.
1090 983 1125 1008 1.
1158 969 1277 1010 addita
1295 972 1399 1025 igitur
1418 970 1486 1013 fuit
1501 973 1616 1028 gratia

158 1043 343 1099 cujusdam
365 1038 621 1094 Propofitionis
644 1038 735 1078 inter
756 1049 793 1086 5.
820 1049 854 1076 et
887 1051 901 1077 1
919 1051 959 1087 3.
995 1037 1094 1078 nulla
1117 1050 1237 1078 autem
1261 1039 1389 1080 harum
1413 1042 1456 1079 εὖ.
1480 1041 1618 1096 indiget

158 1123 296 1169 praeter
313 1123 354 1162 7.
398 1109 503 1163 hujus
517 1108 622 1162 igitur
633 1107 744 1161 gratia
759 1105 872 1160 posita
891 1104 972 1146 fuit.
1018 1106 1130 1147 versio
1144 1108 1250 1147 etiam
1265 1123 1308 1147 ex
1322 1107 1443 1163 lingua
1453 1109 1617 1151 Arabica

160 1181 258 1221 hunc
270 1178 387 1219 casum
402 1176 563 1231 explicite
578 1176 857 1215 demonstratum
872 1174 991 1215 habet.
1031 1188 1066 1215 et
1083 1175 1232 1216 Proclus
1250 1177 1405 1231 agnoscit
1423 1176 1618 1219 secundam

160 1262 297 1305 partem
310 1251 417 1300 Prop.
431 1258 470 1295 5.
491 1245 647 1285 additam
660 1242 764 1283 fuisse
777 1245 886 1298 gratia
899 1246 1007 1298 Prop.
1027 1255 1069 1295 7.
1105 1243 1156 1284 ob
1170 1244 1354 1285 ridiculam
1374 1257 1493 1287 tamen
1507 1248 1617 1287 ratio·

160 1333 258 1366 nem,
294 1321 316 1340 ‘⁶
340 1327 381 1354 ut
404 1313 447 1353 sc.
473 1310 652 1366 responsio
676 1312 738 1351 fiat
760 1312 929 1351 instantiis
952 1323 1076 1351 contra
1092 1312 1273 1365 septimam
1293 1324 1329 1352 et
1347 1314 1524 1353 decimam
1542 1312 1618 1355 sex-

159 1392 182 1412 “
207 1398 283 1426 tam
305 1381 590 1437 Propofitionem
610 1379 692 1419 Lib.
724 1393 739 1418 1
752 1379 783 1418 .’'
819 1379 917 1433 quafi
935 1378 1030 1419 casus
1048 1379 1205 1428 omissus,
1223 1392 1263 1420 ut
1280 1379 1339 1420 ille
1357 1382 1541 1430 existimat,
1560 1384 1615 1424 in-

159 1456 281 1496 stantia
304 1451 389 1494 esset
411 1463 535 1492 contra
558 1447 847 1502 Propofitionem
877 1447 998 1502 ipsam.
1059 1448 1156 1489 Vide
1185 1448 1212 1488 fi
1248 1448 1349 1490 lubet
1372 1449 1542 1491 Proclum
1576 1451 1615 1493 in

159 1527 266 1577 Prop.
291 1534 328 1572 5.
354 1533 388 1560 et
414 1533 457 1571 7.
487 1532 573 1559 nam
596 1518 692 1571 piget
714 1531 828 1570 nugas
851 1517 924 1570 ejus
949 1515 1092 1557 referre.

232 1593 419 1632 Praeterea
437 1587 720 1629 enuntiationem
737 1587 845 1639 Prop.
863 1596 905 1636 7.
931 1586 1154 1634 mutavimus,
1173 1586 1328 1640 ejusdem
1347 1585 1444 1628 sensu
1461 1588 1615 1629 omnino

159 1672 309 1702 retento.
363 1659 426 1712 qui
448 1657 545 1697 enim
569 1670 612 1696 cx
636 1655 787 1694 Graecis
810 1653 960 1694 verbum
983 1655 1029 1694 de
1051 1655 1161 1696 verbo
1184 1656 1350 1706 reddunt,
1376 1654 1512 1698 faciunt
1534 1671 1616 1699 eam

160 1729 347 1784 tyronibus
364 1725 544 1767 intellecm
565 1723 759 1764 difficilem.

573 1835 638 1876 Ad
673 1836 843 1875 PROP.
879 1837 946 1875 XI.
1022 1837 1132 1877 LIB.
1168 1838 1198 1876 Ι.

227 1932 328 1974 Huic
360 1927 601 1983 Propofitioni
635 1927 882 1969 Corona-rium
917 1928 1079 1969 additum
1114 1930 1173 1979 est,
1215 1930 1315 1984 quod
1349 1930 1387 1970 in
1422 1931 1530 1986 Prop.
1575 1943 1613 1971 1.

162 2002 245 2045 L'rb.
277 2015 292 2043 1
314 2016 349 2042 1.
374 2012 409 2040 et
432 1998 527 2047 alias,
550 1997 777 2038 neceffarium
800 1996 853 2037 fit.

499 2110 560 2151 Ad
584 2111 754 2149 PROP.
780 2112 863 2149 XX.
888 2122 923 2150 et
946 2112 1050 2150 XXI.
1109 2113 1217 2151 LIB.
1244 2113 1274 2152 Ι.

230 2203 360 2250 Refert
381 2202 530 2247 Procius
562 2204 604 2245 in
624 2203 898 2245 Commentariis
927 2204 965 2244 in
989 2203 1083 2247 hanc
1106 2203 1392 2260 Propofitionem
1415 2203 1612 2259 Epicureos

1532 2283 1619 2309 eam

1742 194 1843 263 ⁷343
