2111 2755
328 223 416 291 138

414 1562 441 1583 2.
461 1560 488 1583 2.
503 1560 531 1592 5.

711 219 1099 271 EUCLIDIS
1145 216 1809 269 ELEMENTORUM

541 329 575 357 ct
599 316 779 356 sumantur
798 313 951 367 ipsarum
974 315 1025 359 A,
1046 314 1088 359 C,
1109 327 1220 365 aeque
1242 310 1463 364 multiplices,
1483 315 1563 361 EF,
1581 316 1674 354 GH.
1724 317 1822 355 Dico
1845 316 1913 354 EF
1939 327 1995 354 ae-
2032 352 2035 356 .

542 401 613 439 que
631 382 865 436 multiplicem
891 380 959 421 effe
977 380 1081 434 ipsius
1101 383 1144 428 B,
1167 395 1207 419 ac
1224 382 1303 420 GH
1324 380 1429 434 ipsius
1449 384 1500 420 D.

610 453 798 504 Quoniam
829 451 925 489 enim
959 452 1026 488 EF
1058 465 1168 502 aeque
1199 448 1384 502 multiplex
1415 451 1463 489 est
1494 450 1597 503 ipfius
1625 453 1676 497 A,
1714 466 1754 491 ac
1781 455 1860 493 GH
1893 451 1997 506 ipsius

542 525 592 569 C;
628 532 718 573 quot
741 519 1003 572 magnitudines
1027 517 1105 557 sunt
1129 519 1165 556 in
1191 521 1258 557 EF
1283 518 1447 571 aequales
1467 521 1514 565 A,
1535 531 1587 558 tot
1612 532 1717 559 erunt
1737 532 1772 559 et
1789 521 1827 560 in
1842 524 1920 561 GH
1942 537 1999 560 ae-

543 588 666 643 quales
689 591 733 628 C.
783 588 956 627 dividatur
978 589 1046 626 EF
1071 587 1215 640 quidem
1239 588 1274 625 in
1299 589 1561 641 magnitudines
1584 588 1647 643 ipsi
1670 592 1708 629 A
1732 588 1895 643 aequales
1912 592 1998 636 ΕΚ,

542 661 633 705 KF;
658 659 738 697 GH
757 671 841 695 vero
864 657 901 694 in
925 656 1186 708 magnitudines
1211 670 1338 708 aequa·
1377 682 1423 736 F
1749 683 1804 730 H

542 726 591 767 les
614 728 645 766 C
664 725 826 765 videlicet
850 726 935 771 GL,
956 726 1048 770 LH;
1074 725 1137 763 erit
1161 724 1263 777 igitur
1286 725 1338 777 ip-
1439 671 1446 833 Ι

543 794 658 835 sarum
701 796 787 841 ΕΚ,
830 795 912 840 KF,
960 791 1153 831 multitudo
1186 792 1338 845 aequalis

542 862 761 904 multitudini
785 860 934 915 ipsarum
955 863 1040 908 GL,
1067 864 1153 900 LH.
1194 872 1229 900 et
1248 875 1338 914 quo-

540 933 641 973 niam
675 946 787 984 aeque
817 929 1002 983 multiplex
1032 931 1080 968 est
1108 932 1146 969 A
1178 928 1282 982 ipsius
1308 931 1338 968 Β
1376 904 1427 955 K

543 1016 584 1041 ac
608 1003 639 1039 C
663 1000 766 1052 ipsius
786 1002 838 1046 D,
864 997 1018 1051 aequalis
1041 1010 1160 1037 autem
1181 1000 1255 1037 EK
1275 997 1338 1051 ipfi

543 1072 591 1117 A,
616 1080 651 1107 et
671 1070 743 1107 GL
768 1067 831 1121 ips1
855 1069 905 1114 C;
931 1068 997 1106 erit
1016 1069 1090 1106 EK
1111 1082 1222 1120 aeque
1245 1066 1338 1107 mul-
2041 1071 2045 1075 '

543 1137 653 1191 tiplex
676 1136 779 1190 ipsius
803 1139 844 1184 B,
878 1151 917 1175 ac
943 1138 1017 1175 GL
1041 1135 1144 1189 ipsius
1169 1138 1219 1174 D.
1280 1151 1337 1175 ea·
1653 1092 1660 1180 l
1957 1106 1969 1187 1

544 1207 627 1246 dem
658 1206 796 1246 ratione
825 1220 940 1258 aeque
969 1203 1156 1258 multiplex
1179 1205 1242 1244 erit
1266 1207 1336 1244 KF
1408 1181 1457 1235 Ε
1536 1184 1586 1237 Α
1629 1185 1669 1235 Β
1745 1180 1793 1237 G
1850 1194 1894 1244 C
1929 1193 1982 1245 D

542 1275 647 1329 ipsius
672 1277 715 1322 B,
740 1290 780 1313 ac
804 1276 878 1313 LH
903 1274 1008 1327 ipsius
1032 1276 1072 1313 D
1080 1292 1090 1321 ;
1126 1286 1161 1314 et
1184 1273 1338 1313 similiter
1361 1273 1387 1312 fi
1411 1272 1527 1327 plures
1550 1274 1619 1314 fint
1637 1287 1749 1328 partes
1768 1275 1804 1314 in
1825 1277 1904 1323 EF,
1924 1278 2006 1317 GH

542 1343 622 1396 ipsis
646 1346 695 1389 A,
720 1345 751 1381 C
776 1342 950 1395 aequales.
988 1344 1160 1394 quoniam
1179 1343 1282 1396 igitur
1305 1343 1420 1395 prima
1439 1345 1514 1382 ΕΚ
1538 1341 1710 1383 secundae
1728 1345 1758 1383 B
1784 1357 1898 1396 aeque
1915 1344 2007 1384 mul—

545 1409 656 1464 tiplex
679 1411 739 1458 est,
764 1425 805 1450 ac
829 1411 929 1449 tertia
953 1412 1028 1449 GL
1052 1422 1197 1463 quartae
1221 1413 1279 1457 D;
1316 1411 1365 1450 est
1389 1423 1507 1450 autem
1531 1423 1567 1451 et
1593 1413 1718 1465 quinta
1736 1414 1807 1451 KF
1832 1410 2007 1453 secundae

544 1481 574 1518 B
599 1493 712 1532 aeque
743 1478 931 1531 multiplex
959 1494 1000 1518 ac
1030 1477 1124 1518 sexta
1150 1481 1226 1517 LH
1257 1491 1402 1531 quartae
1428 1483 1486 1527 D;
1522 1482 1586 1520 erit
1616 1493 1652 1520 et
1682 1482 1796 1534 prima
1827 1496 1898 1520 una
1921 1496 2006 1522 cum

546 1548 669 1601 quinta
701 1545 745 1586 sc.
777 1546 847 1600 ipsa
870 1549 938 1585 EF
963 1546 1133 1586 secundae
1157 1548 1188 1585 B
1214 1561 1324 1600 aeque
1348 1547 1570 1601 multiplexst,
1602 1563 1641 1588 ac
1673 1551 1773 1589 tertia
1799 1565 1882 1590 cum
1912 1549 2007 1591 sexta

545 1615 588 1657 sc.
615 1618 695 1656 GH
720 1627 863 1670 quartae
888 1618 939 1654 D.
989 1615 1015 1654 fi
1039 1616 1144 1668 igitur
1166 1617 1280 1669 prima
1306 1616 1378 1656 &c.
1435 1618 1493 1668 Q
1510 1620 1556 1656 E.
1582 1620 1634 1657 D.

976 1728 1150 1767 PROP.
1189 1729 1254 1767 IV.
1328 1728 1562 1768 THEOR.

546 1817 627 1909 SI
666 1814 810 1878 prima
849 1815 906 1862 ad
936 1814 1180 1862 secundam
1214 1815 1402 1861 eandem
1438 1815 1576 1862 habet
1612 1814 1837 1863 rationem
1866 1832 2007 1880 quam

650 1884 783 1932 tertia
819 1885 877 1932 ad
913 1900 1150 1947 quartam3
1193 1899 1240 1931 et
1271 1901 1413 1947 aeque
1445 1884 1719 1948 multiplices
1757 1885 1928 1948 primae
1959 1900 2007 1936 et

548 1954 708 2002 tertiae
733 1955 791 2002 ad
817 1971 958 2018 aeque
982 1952 1256 2017 multiplices
1293 1955 1516 2002 secundae
1548 1969 1597 2002 et
1628 1971 1828 2018 quartae,
1869 1956 2004 2022 juxta

548 2024 752 2086 quamvis
790 2023 1239 2087 multiplicationem,
1270 2024 1460 2073 eandem
1491 2022 1717 2072 tationem
1754 2024 2002 2082 habebunt,

545 2091 665 2140 inter
688 2094 730 2139 se
755 2108 1057 2157 comparatae.

613 2236 731 2276 Prima
754 2236 851 2276 enim
872 2238 911 2276 A
936 2236 982 2276 ad
1006 2234 1195 2278 secundam
1218 2239 1249 2278 B
1272 2236 1425 2278 eandem
1447 2236 1623 2277 rationem
1645 2233 1778 2276 habeat
1799 2250 1910 2291 quam
1934 2246 2003 2275 ter·
2066 2244 2071 2245 ⁷

1954 2304 2003 2344 tia
