2111 2755
465 207 752 255 LIBER
812 204 1250 256 TERTIUS.

541 347 710 384 PROP.
746 346 832 384 VII.
906 344 1140 383 THEOR.

133 432 228 535 SI
261 431 308 478 in
335 430 490 479 circuli
515 431 736 478 diametro
760 430 943 492 aliquod
970 432 1185 492 punctum
1214 430 1416 479 sumatur
1453 434 1577 495 quod

240 518 330 547 non
355 499 408 546 fit
434 514 639 546 centrum
667 498 837 552 circuli,
864 513 909 543 et
933 499 989 543 ab
1014 516 1066 544 eo
1091 500 1137 545 in
1166 500 1577 548 circumferentiam

129 573 292 619 cadant
324 568 500 631 quaevis
525 570 665 613 reetae
694 566 854 621 lineae;
890 564 1088 611 maxima
1108 568 1291 628 quidem
1319 570 1402 616 erit
1422 570 1467 616 in
1487 589 1576 633 qua

129 654 349 692 centrum,
369 635 556 682 minima
574 653 677 682 vero
696 634 885 696 reliqua;
910 633 1096 680 aliarum
1116 650 1269 682 autem
1286 639 1578 701 propinquior

128 709 169 755 ei
194 723 306 770 quae
331 723 408 768 per
432 719 637 751 centrum
665 702 819 750 transit
856 703 1026 764 semper
1056 704 1299 750 remotiore
1330 706 1474 771 major
1500 708 1574 754 est.

127 791 175 822 at
200 777 314 821 duae
342 789 523 820 tantum
551 772 758 835 aequales
790 771 845 817 ab
873 773 1032 817 eodem
1063 774 1228 833 puncto
1260 773 1308 819 in
1339 774 1575 824 circumfe-

126 843 319 891 rentiam
344 843 506 889 cadent
531 843 588 888 ad
613 841 820 904 utrasque
843 856 989 903 partes
1015 840 1242 889 minimae.

193 986 245 1025 Sit
267 983 414 1024 circulus
430 986 584 1031 ABCD,
604 984 774 1023 diameter
796 995 913 1023 autem
939 985 1014 1037 ejus
1037 986 1129 1030 AD,
1154 996 1188 1023 et
1212 986 1248 1023 in
1274 985 1344 1039 ipsa
1362 988 1439 1026 AD
1459 986 1575 1027 suma-

124 1067 182 1095 tur
205 1053 359 1106 aliquod
376 1057 546 1106 punRum
570 1055 601 1092 F
624 1053 722 1105 quod
746 1066 822 1092 non
847 1052 888 1091 fit
911 1065 1074 1093 centrum
1104 1052 1223 1092 circuli
1232 1071 1241 1099 ;
1278 1054 1320 1093 fit
1351 1066 1468 1094 autem
1491 1071 1574 1095 cen-

127 1135 220 1163 trum
244 1121 363 1160 circuli
385 1124 430 1168 E,
455 1132 490 1159 et
512 1136 532 1160 a
550 1125 683 1174 puncto
706 1123 737 1159 F
759 1123 796 1161 in
820 1119 1142 1161 circumferentiam
1160 1124 1303 1162 ABCD
1322 1123 1452 1163 cadant
1470 1139 1577 1178 quae—

127 1192 211 1230 dam
235 1193 347 1229 re&ae
370 1188 483 1228 lineae
501 1191 575 1236 FB,
594 1192 671 1237 FC,
691 1192 773 1229 FG.
817 1190 899 1228 dico
912 1191 982 1229 FA
999 1205 1077 1229 ma-

123 1260 254 1299 ximam
279 1256 358 1304 effe,
383 1269 416 1295 et
440 1260 511 1296 FD
535 1258 721 1296 minimam
730 1275 741 1304 ς
777 1256 990 1310 reliquarum
1016 1274 1078 1298 au-

123 1339 209 1373 tem,
233 1327 295 1364 FB
319 1324 465 1377 quidem
488 1325 660 1377 majorem
680 1340 788 1378 quam
808 1327 884 1373 FC,
908 1328 973 1365 FC
991 1341 1075 1366 vero
1128 1337 1132 1345 ⁴

121 1395 294 1448 majorem
317 1407 424 1446 quam
442 1395 473 1431 F
476 1395 526 1433 G.

190 1465 394 1515 jungantur
419 1462 514 1500 enim
533 1463 610 1508 BE,
623 1465 702 1510 (ΣΕ,
719 1465 793 1503 GE
803 1480 813 1510 ;
848 1474 883 1502 et
901 1464 1073 1517 quoniam

123 1532 241 1571 omnis
259 1528 418 1582 trianguli
436 1530 509 1568 duo
527 1530 634 1569 latera
654 1531 790 1585 reliquo
809 1531 885 1571 sunt
899 1534 1037 1586 majora
1047 1539 1072 1581 ²²,
1582 1545 1608 1566 ²-
1624 1543 1673 1567 20-
1691 1545 1702 1567 1

123 1610 226 1639 erunt
253 1599 331 1644 BE,
361 1599 429 1635 EF
458 1599 608 1650 majores
635 1614 742 1651 quarn
766 1602 848 1646 BF;
886 1602 934 1639 est
957 1614 1074 1641 autem

123 1670 195 1708 ΑΕ
221 1664 372 1718 aequalis
391 1666 468 1711 BE,
500 1679 586 1719 ergo
610 1668 685 1713 BE,
718 1669 786 1706 EF
810 1668 873 1720 ipfi
900 1670 972 1707 AF
997 1668 1074 1707 sunt

122 1733 282 1788 aequales
290 1752 299 1781 5
334 1734 451 1787 major
474 1734 577 1787 igitur
600 1735 648 1773 est
670 1737 740 1774 AF
765 1750 872 1788 quarn
895 1738 968 1775 FB.
1018 1733 1128 1776 rursus
1153 1735 1325 1788 quoniam
1349 1738 1413 1775 BE
1438 1738 1487 1776 est
1511 1752 1566 1778 ae—

122 1802 230 1858 qualis
246 1804 325 1849 CE,
350 1803 551 1840 communis
574 1815 690 1842 autem
716 1805 783 1842 FE
796 1822 806 1851 3
842 1804 933 1843 duae
956 1807 1032 1853 BE,
1058 1805 1125 1844 EF
1151 1803 1286 1844 duabus
1310 1807 1390 1853 CE,
1417 1808 1484 1845 EF
1509 1821 1566 1845 ae-

120 1871 240 1925 quales
263 1870 358 1917 sunt;
392 1869 449 1909 sed
468 1872 568 1909 BEF
592 1871 738 1925 angulus
762 1873 876 1926 major
900 1874 948 1912 est
971 1872 1104 1927 angulo
1126 1875 1239 1921 CEF,
1266 1873 1354 1912 basis
1378 1875 1480 1928 igitur
1501 1877 1565 1914 BF

117 1939 192 1980 bafi
215 1941 278 1978 FC
302 1939 350 1977 est
373 1935 522 1992 majorb.
559 1940 683 1978 eadem
708 1941 842 1980 ratione
866 1943 988 1981 et-CF
1005 1943 1118 1996 major
1137 1943 1185 1980 est
1204 1957 1312 1995 quam
1332 1945 1416 1982 FG.
1453 1942 1563 1983 rursus
1579 1948 1605 1977 b·
1626 1956 1718 1986 2411

119 2008 292 2062 quoniam
317 2008 399 2053 GF,
435 2009 501 2045 FE
527 2008 677 2061 majores
701 2007 777 2047 sunt
801 2024 909 2062 quam
940 2012 1014 2050 EG
1025 2016 1049 2058 Ἰ,
1082 2009 1234 2063 aequalis
1258 2023 1377 2050 autem
1399 2014 1474 2051 EG
1498 2013 1562 2066 ipfi

116 2078 203 2123 ED,
229 2087 332 2114 erunt
356 2077 439 2122 GF,
472 2077 537 2114 FE
562 2077 714 2129 majores
746 2093 854 2130 quam
880 2081 965 2118 ED.
1027 2080 1228 2118 communis
1259 2078 1439 2120 auferatur
1468 2083 1536 2120 FE
1551 2099 1561 2128 ;

118 2159 202 2198 ergo
225 2142 355 2196 reliqua
380 2145 451 2182 GF
473 2145 588 2197 major
611 2146 659 2183 est
683 2160 791 2198 quam
816 2145 949 2200 reliqua
973 2150 1058 2187 FD.
1100 2148 1255 2187 maxima
1279 2149 1385 2202 igitur
1404 2150 1451 2188 est
1475 2152 1505 2188 F
1509 2152 1560 2197 A,

119 2214 243 2255 αἙΙ)
260 2212 428 2262 minima,
451 2213 566 2267 major
584 2227 667 2254 vero
684 2215 745 2254 BF
765 2230 873 2269 quam
896 2218 973 2267 FC,
997 2228 1032 2257 et
1054 2218 1121 2257 FC
1141 2232 1249 2272 quam
1266 2220 1297 2257 F
1301 2220 1351 2258 G.

1463 2284 1563 2324 Dico

1742 229 1802 278 77
