2111 2755
276 209 339 280 84

671 213 1061 264 EUCLI'DIS
1107 215 1770 272 ELEMENTORUM

349 323 375 343 c.
396 320 444 344 11.
457 303 670 358 3.p,r0du‹?ta
693 305 795 344 cadet
818 306 855 344 in
878 303 1091 344 circulorum
1115 309 1363 354 comestum&
1403 305 1472 354 sed,
1497 309 1533 346 in
1557 318 1763 353 contactum
1789 327 1865 354 non
1887 329 1946 354 ca-

475 866 590 905 .quae
614 851 685 906 ipsa
709 854 896 908 conjungit
919 854 1010 893 intra
1034 853 1205 893 circulum
1233 856 1346 894 AKC
1366 854 1501 894 cadeta.

498 374 560 420 dit,
580 373 662 426 quia
679 375 719 421 B,
740 376 779 412 D
796 377 925 425 puncta
943 372 1021 413 sunt
1040 387 1138 413 extra
1156 378 1289 414 rectam
1308 377 1400 422 GH,
1425 377 1522 429 quod
1547 381 1595 418 est
1613 381 1810 422 absurdum.
1869 398 1946 422 noxa

500 443 606 496 igitur
623 440 771 480 circulus
795 441 966 481 circulum
992 443 1084 482 intus
1115 444 1290 497 contingit
1317 445 1354 482 in
1380 443 1538 497 pluribus
1563 450 1699 500 punctis
1717 465 1825 503 quam
1844 466 1930 490 uno·

567 510 663 548 Dico
686 510 792 548 etiam
817 525 932 563 neque
956 523 1055 550 extra
1079 513 1286 565 contingere
1299 531 1309 560 3
1351 512 1378 551 fi
1404 514 1500 551 enIm
1534 515 1609 556 fieri
1633 519 1747 571 potest
1775 518 1946 559 circulum

498 579 600 618 ABC
620 579 805 632 contingat
828 579 978 619 circulus
1000 582 1110 620 AKC
1130 581 1165 619 in
1185 579 1347 634 pluribus
1366 583 1505 634 punctis

499 661 607 700 quam
624 662 709 694 uno,
745 647 905 687 videlicet
938 649 974 687 in
1004 652 1052 695 A,
1087 651 1130 695 C,
1159 661 1194 687 et
1224 651 1293 689 AC
1321 651 1501 703 jungatur.

498 715 616 768 itaque
647 717 818 769 quoniam
851 717 888 754 in
924 715 1208 756 circumferentia
1244 716 1364 757 circuli
1394 720 1503 758 AKC

497 782 633 836 sumpta
668 783 747 823 sunt
782 784 854 823 duo
889 789 1019 838 puncta
1042 788 1091 833 A,
1128 788 1159 825 C
1184 790 1273 825 recta
1309 785 1401 825 linea
1428 789 1502 826 AC
1586 764 1634 810 A
1666 788 1670 792 ’

495 922 544 961 est
567 933 687 961 autem
724 921 876 961 circulus
904 925 1015 962 AKC
1049 935 1147 962 extra
1182 921 1352 962 circulum
1388 925 1504 972 ABC,

496 1005 606 1044 quare
630 995 722 1029 recta
749 993 821 1030 AC
852 992 900 1029 est
932 1003 1028 1030 extra
1052 993 1153 1030 ΑΒΕ
1184 990 1356 1031 circulum
1366 1009 1375 1038 ς
1411 1006 1502 1045 quo-

496 1059 594 1098 niam
618 1072 701 1098 vero
718 1061 768 1106 A,
788 1061 819 1098 C
844 1064 971 1112 puncta
994 1059 1073 1099 sunt
1091 1061 1127 1100 in
1146 1058 1431 1100 circumferentia
1450 1062 1503 1115 ip·
1553 1044 1590 1086 B

493 1126 563 1167 fius
591 1129 696 1167 ABC
720 1127 850 1176 circuli,
883 1133 973 1168 rcfta
999 1131 1068 1170 AC
1100 1131 1157 1169 est*
1178 1130 1268 1170 intra
1293 1135 1307 1152 ³
1331 1130 1498 1178 eundem,

494 1197 591 1249 quod
617 1198 665 1235 est
688 1197 888 1237 absurdum.
925 1213 1001 1237 non
1025 1199 1128 1253 igitur
1145 1198 1294 1239 circulus
1313 1198 1485 1238 circulum
1504 1209 1603 1238 extra
1621 1198 1795 1253 contingit
1813 1198 1849 1238 in
1867 1197 1946 1252 plu-

493 1265 587 1305 ribus
611 1268 748 1318 punctis
773 1282 880 1320 quam
904 1282 991 1306 uno.
1026 1267 1203 1308 ostensum
1228 1281 1346 1308 autem
1366 1269 1414 1308 est
1437 1284 1555 1321 neque
1574 1269 1678 1307 intus.
1715 1266 1860 1308 circulus
1884 1269 1948 1321 igi-

493 1346 548 1372 tur
571 1334 741 1373 circulum
766 1350 841 1374 non
867 1337 1041 1389 contingit
1065 1338 1101 1374 in
1125 1336 1284 1388 pluribus
1319 1338 1457 1389 punctis
1493 1351 1603 1390 quam
1638 1351 1722 1384 uno,
1758 1335 1827 1375 five
1850 1337 1945 1376 intus

493 1401 562 1441 five
585 1415 681 1443 extra
704 1404 889 1458 contingit.
951 1405 1008 1455 Q
1025 1406 1071 1442 E.
1100 1406 1150 1443 D:

908 1517 1075 1555 PROP.
1112 1517 1215 1555 XIV.
1292 1516 1516 1555 THEOR.

489 1603 582 1704 IN
609 1602 776 1649 circulo
800 1602 1004 1666 aequales
1030 1604 1172 1648 rectae
1195 1601 1337 1649 lineae
1361 1601 1607 1665 aequaliter
1633 1619 1659 1648 a
1683 1617 1838 1651 centro
1862 1603 1944 1650 dis-

569 1687 688 1728 tant3
723 1688 770 1719 et
796 1689 911 1735 quae
935 1671 1180 1735 aequaliter
1207 1688 1232 1718 a
1257 1687 1416 1720 centro
1441 1670 1604 1718 distant
1634 1672 1736 1720 sunt
1760 1673 1876 1719 inter
1900 1673 1944 1720 se

488 1740 709 1804 aequales.

554 1887 606 1926 Sit
630 1883 779 1924 circulus
801 1886 953 1931 ABDC,
978 1885 1073 1924 erin
1099 1882 1173 1937 ipso
1196 1881 1358 1936 aequales
1378 1881 1446 1923 fint
1472 1886 1585 1922 rectae
1609 1880 1724 1922 lineae
1750 1885 1831 1931 AB,
1856 1886 1940 1924 CD.

489 1955 569 1993 dico
593 1970 650 1994 eas
675 1969 695 1993 a
719 1965 842 1993 centro
865 1952 1054 2007 aequaliter
1078 1954 1212 1992 distare.

557 2025 724 2062 Sumatur
749 2023 846 2062 enim
870 2020 989 2061 circuli
1011 2023 1152 2061 ABDC
1177 2032 1349 2068 centrum,
1375 2020 1487 2071 sitque
1505 2022 1550 2068 E,
1576 2032 1612 2059 et
1634 2019 1679 2059 ab
1703 2018 1777 2073 ipsu
1796 2021 1839 2060 ad
1859 2024 1938 2070 AB,

487 2094 557 2132 CD
582 2090 888 2144 perpendiculares
913 2091 1085 2130 ducantur
1109 2093 1186 2137 EF,
1212 2091 1300 2137 EG,
1324 2101 1358 2128 et
1385 2092 1473 2136 ΑΕ,
1499 2091 1566 2128 EC
1586 2090 1796 2142 jungantur.
1833 2091 1937 2142 Qo-

486 2162 582 2199 niam
606 2162 709 2214 igitur
734 2164 827 2199 reeta
847 2159 937 2199 linea
962 2160 1138 2212 quaedam
1163 2161 1230 2198 EF
1253 2174 1315 2212 per
1339 2171 1500 2197 centrum
1525 2159 1629 2197 ducta
1653 2161 1782 2196 seuam
1807 2156 1938 2200 lineam

482 2231 549 2270 AB
574 2244 650 2270 non
674 2230 814 2270 ductam
850 2242 912 2283 per
935 2241 1098 2270 centrum
1123 2229 1169 2268 ad
1192 2232 1304 2269 rectos
1329 2226 1475 2282 angulos
1498 2226 1598 2276 secat,
1634 2238 1669 2266 et
1703 2225 1811 2280 ipsam
1845 2226 1935 2267 bifa-

1847 2310 1936 2336 nam
