2111 2755
622 187 1162 239 NOTAE.

159 277 370 324 commoda,
406 275 514 330 reipsa
537 276 661 318 eadem
685 278 733 317 est
756 291 840 317 cum
865 293 905 318 ea
929 291 1020 331 quae
1043 292 1140 317 nunc
1163 274 1316 317 habetur
1338 276 1375 317 in
1400 274 1608 319 Elementis.

159 350 197 388 in
221 362 261 387 ea
280 358 399 386 autem
419 345 508 385 nihil
527 347 575 385 est
599 344 748 393 obscuri,
772 347 930 399 quamvis
953 348 1072 385 auftor
1094 344 1218 398 scripti,
1241 346 1501 399 magnitudines
1524 362 1605 400 pro-

158 414 374 470 portionales
398 413 556 467 perverso
579 414 705 453 ordine
729 412 899 467 disponat,
937 413 1034 454 unde
1057 412 1236 453 obscurior
1259 414 1372 453 evadit
1395 416 1604 456 enuntiatio.

159 484 232 523 sine
256 483 367 523 dubio
392 495 511 522 autem
536 481 701 521 Euclides
725 482 816 521 hanc
845 479 986 531 231³³¹³2
1010 497 1120 536 acque
1143 497 1182 521 ac
1206 477 1344 529 22d³¹¹¹‚
1366 481 1410 522 de
1428 494 1604 536 quotcun-

160 568 229 606 que
252 550 560 605 magnitudinibus,
587 565 679 604 quae
702 550 806 589 binae
835 548 994 603 sumptae
1026 549 1105 590 sunt
1127 549 1425 604 proportionales,
1457 565 1533 590 non
1559 552 1606 592 de

159 620 215 660 sex
239 632 378 659 tantum
405 619 596 659 enuntiavit
605 637 615 666 ς
651 631 685 658 ct
714 619 796 658 huic
827 617 980 672 generali
1012 617 1104 658 casui
1128 619 1291 658 Naudaei
1319 620 1518 660 enuntiatio
1541 621 1606 660 rni-

159 691 256 730 nime
280 689 344 727 rite
368 687 628 726 accommodari
652 688 775 739 potest.

228 756 496 796 Demonstratio
513 768 595 793 vero
607 753 862 807 Propofiti0nis
887 767 908 792 2
922 767 960 802 3.
983 753 1064 793 Lib.
1084 767 1122 803 5.
1148 770 1240 808 quae
1258 756 1294 795 in
1312 754 1438 810 scripto
1456 754 1520 796 illo
1537 767 1606 796 tra-

161 827 255 866 ditur
271 825 422 863 omnino
440 824 488 861 est
506 824 641 875 inepta3
678 822 704 861 fi
717 823 813 861 enirn
827 823 1088 877 magnitudines
1105 823 1389 876 proportionales
1403 826 1535 879 figurae
1548 824 1606 866 fu·-

161 894 250 934 erint
268 891 391 946 planae
410 903 468 931 aut
484 891 624 938 solidae,
646 890 783 930 nullum
804 906 847 930 ex
865 890 943 944 ipfis
967 890 1208 945 reelangulum
1234 889 1352 946 (quod
1371 892 1428 932 ille
1446 894 1607 946 imperite

160 961 373 1016 produc‘tum
396 958 517 1014 vocat)
543 960 618 998 fieri
641 958 788 1013 intelligi
812 961 936 1012 potest.
974 971 1008 999 ct
1031 959 1057 998 fi
1077 960 1222 1008 dicatur,
1246 961 1283 999 in
1306 961 1377 1000 hoc
1402 960 1481 1001 casu
1498 965 1606 1001 ree'tas

161 1029 271 1070 lineas
300 1027 523 1068 assumendas
551 1026 618 1067 csse
648 1028 766 1081 figuris
797 1027 1094 1082 proportionales;
1130 1043 1174 1068 eo
1204 1028 1323 1067 modo
1343 1028 1608 1078 demonstratio,

161 1097 319 1138 Euclidis
343 1097 642 1136 demonstratione
660 1095 774 1135 multo
790 1096 933 1151 longior
951 1097 1122 1136 evaderet.
1160 1097 1245 1150 quin
1265 1097 1291 1136 fi
1309 1108 1388 1150 apta
1407 1096 1490 1137 esset
1507 1099 1608 1137 Nau-

159 1167 239 1206 daei
263 1166 527 1213 demonstratio,
562 1166 640 1219 quis
663 1179 739 1205 non
762 1166 855 1205 videt
879 1181 957 1206 eam
981 1180 1056 1205 non
1080 1164 1176 1219 posse
1199 1166 1236 1206 in
1259 1165 1375 1206 Libro
1400 1170 1457 1216 5¹⁰
1485 1165 1607 1207 locum
1643 1196 1651 1198 -

163 1234 313 1274 habere?

479 1327 681 1366 PROPP.
717 1328 760 1374 F,
797 1329 848 1375 G,
883 1330 935 1376 H,
971 1329 1023 1368 K.
1093 1329 1202 1366 LIB.
1237 1328 1284 1366 V.

230 1437 492 1492 Propofitiones
514 1437 578 1476 has
602 1437 666 1476 fini
690 1436 789 1477 Libri
812 1434 861 1486 5·ti
882 1438 1082 1492 adjecimus,
1101 1438 1271 1491 quoniam
1295 1436 1426 1490 saepius
1445 1437 1484 1476 iis
1501 1448 1607 1477 utun-

164 1520 221 1548 tur
245 1505 464 1546 Geometrae
486 1517 617 1544 veteres
641 1516 676 1543 et
699 1506 919 1544 recentiores.
974 1518 1009 1545 et
1032 1506 1175 1558 quidem
1200 1506 1237 1544 in
1260 1504 1376 1544 multis
1399 1504 1532 1544 casibus
1551 1520 1607 1545 ra-

163 1578 277 1616 tiones
299 1573 516 1628 eompofitae
545 1574 582 1613 in
613 1573 968 1614 demonstrationibus
1000 1573 1074 1613 fine
1104 1588 1225 1613 earum
1255 1588 1324 1627 ope
1347 1573 1508 1612 adhiberi
1531 1588 1607 1614 non

162 1643 318 1699 possunt.

235 1712 313 1764 Qi
342 1713 437 1764 cupit
466 1711 664 1750 doetrinam
695 1711 740 1750 de
768 1709 1091 1765 proportionalibus
1115 1710 1227 1750 Libro
1259 1711 1330 1750 hoe
1353 1712 1479 1764 quinto
1503 1711 1608 1750 tradi-

165 1794 238 1822 tam
263 1778 372 1819 solide
397 1777 582 1819 defensam,
599 1779 727 1827 videre,
764 1792 798 1818 et
822 1792 1027 1834 argumenta
1058 1792 1182 1819 contra
1211 1795 1291 1819 eam
1314 1779 1360 1819 ab
1383 1779 1484 1818 And.
1510 1780 1609 1818 Tac-

166 1862 261 1903 quet,
279 1847 388 1900 Alph.
403 1846 558 1886 Borellio
582 1845 722 1900 aliisque
741 1848 888 1887 addueta
905 1847 1101 1901 pleniffime
1119 1847 1314 1894 confutata,
1333 1846 1492 1887 consulat
1510 1862 1610 1901 mag-

110 1928 115 1931 ·
167 1919 204 1957 ni
227 1917 379 1956 Barrovii
405 1916 591 1954 Leeiiones
615 1916 889 1955 Mathematicas
917 1928 958 1966 7.
983 1929 1018 1956 et
1042 1917 1133 1955 8V³¹¹¹
1159 1918 1262 1957 Anni
1296 1929 1309 1955 1
1326 1915 1434 1954 666.

235 1985 440 2024 Emendato
465 1985 540 2037 jam
566 1983 678 2023 Libro
709 1985 846 2037 quinto,
877 1984 1066 2025 sententiae
1095 1984 1232 2025 Clariis.
1257 1985 1412 2024 Barrovii
1445 1982 1611 2024 lubentis-

168 2054 254 2093 sime
286 2051 461 2098 assentior,
497 2057 518 2074 ‘⁴
540 2050 663 2090 Nihil''
689 2044 814 2092 seilicet
846 2057 1003 2092 “extare
1035 2054 1071 2092 in
1102 2066 1180 2092 toto
1204 2052 1474 2093 Elementorum
1504 2067 1611 2106 opere

171 2129 194 2145 “
218 2119 535 2175 proportionalium
563 2120 723 2159 doeh-ina
746 2119 902 2160 subtilius
925 2123 1116 2169 inventum,
1148 2120 1287 2161 solidius
1318 2120 1516 2168 stabilitum,
1554 2136 1610 2160 ac-

170 2195 192 2213 “
216 2190 364 2230 curatius
377 2189 656 2242 pert1·a&atun].''
693 2189 789 2243 quod
809 2190 952 2242 quidem
966 2192 1176 2230 Geometras
1193 2191 1445 2231 existimaturos
1458 2205 1531 2229 non
1546 2204 1612 2242 po-

821 2260 858 2296 A
883 2272 902 2297 a
927 2273 947 2297 a
1514 2255 1613 2297 tuiffc

1736 189 1832 257 369
