2111 2755
354 202 671 260 'LIBER
731 205 1398 257 DUODECIMUS.
1729 226 1815 278 291

140 307 294 364 grammi
318 305 416 359 quod
441 305 485 344 ad
509 302 621 357 ipsum
647 302 728 341 estst.
768 298 825 340 sed
851 297 1072 353 segmentum
1097 297 1214 337 minus
1237 297 1285 336 est
1307 295 1751 352 parallelogram-a.41.1.

141 391 216 417 rno.
277 390 383 429 quare
407 371 691 426 unumquodque
721 367 982 423 triangulorum
1008 369 1127 414 EKF,
1161 368 1279 414 FLG,
1313 368 1452 416 GMH,
1484 370 1600 409 HNE

141 447 257 500 majus
282 446 329 483 est
354 443 502 483 dimidio
526 440 693 495 segmenti
716 438 835 478 circuli
866 438 901 476 in
935 451 1007 490 quo
1030 436 1194 475 confistit.
1266 434 1382 475 Hasce
1405 436 1509 490 igitur
1533 438 1598 478 cir-

140 513 392 554 cumferentias
416 510 579 550 bifariam
606 510 767 554 secantes,
804 519 838 546 et
870 507 1059 560 jungentes
1095 509 1204 545 redias
1239 504 1358 553 lineas,
1396 517 1501 559 atque
1524 507 1596 547 hoc

140 582 275 636 semper
300 581 477 627 facientes,
502 578 740 631 relinquemus
764 575 909 614 tandem
935 575 1114 626 quaedam
1139 573 1258 614 circuli
1281 573 1475 628 segmenta,
1507 590 1598 628 quae

139 653 281 691 minora
304 662 406 689 erunt
430 646 578 694 excessu,
614 660 689 699 quo
713 642 861 684 circulus
885 644 1035 682 EFGH
1069 640 1180 695 ipsum
1211 644 1234 681 S
1266 640 1417 694 spatium
1448 642 1596 696 superat.

141 721 273 760 etenim
297 717 472 758 ostensum
497 717 545 754 est
568 716 605 753 in
636 713 859 767 praecedenti
884 714 1086 758 Lemniam,
1123 709 1261 749 duabus
1296 711 1601 764 magnitudinibus

139 786 382 840 inaequalibus
406 783 582 837 expositis,
621 781 647 820 si
671 796 691 820 a
715 781 842 835 majori
868 778 1047 818 auferatur
1071 779 1184 832 majus
1208 794 1315 831 quam
1342 779 1543 828 dimidium,
1568 793 1603 820 et

141 871 163 896 a
187 854 332 908 reliqua,
369 851 482 893 rursus
514 851 630 905 majus
662 864 769 903 quam
801 848 1000 896 dimidium,
1034 859 1069 886 et
1095 847 1166 886 hoc
1191 845 1326 900 semper
1350 848 1422 896 fiat,
1453 848 1604 903 relinqui

138 924 286 965 tandem
311 921 596 976 magnitudinem
621 918 790 972 aliquam,
830 933 920 971 quae
950 917 1082 956 minori
1106 915 1352 970 magnitudine
1376 916 1534 969 exposita
1559 917 1602 957 fit

139 994 270 1033 minor.
332 993 450 1044 itaque
486 988 606 1029 relic‘ta
641 988 710 1028 sint
733 986 912 1041 segmenta
936 988 1022 1033 ΕΚ,
1053 987 1137 1032 KF,
1160 987 1238 1032 FL,
1262 987 1349 1032 LG,
1373 987 1472 1033 GM,
1497 988 1601 1034 MH,

139 1064 233 1110 ΗΝ,
269 1062 354 1108 ΝΕ,
391 1073 482 1112 quae
512 1059 650 1097 minora
680 1056 749 1095 sint
779 1054 926 1102 excessu,
963 1069 1039 1107 quo
1069 1052 1216 1092 circulus
1247 1055 1399 1092 EFGH
1430 1053 1544 1106 ipsum
1575 1056 1600 1095 S

140 1129 293 1184 spatium
311 1127 456 1181 superat.
506 1129 607 1180 Ergo
625 1124 798 1178 reliquum
821 1125 1130 1163 EKFLGMHN
1151 1120 1378 1175 polygonum
1397 1122 1510 1175 majus
1535 1123 1600 1162 erit

141 1199 251 1252 spatio
264 1199 299 1237 S.
337 1194 563 1236 Describatur
582 1195 687 1233 etiam
705 1194 741 1232 in
761 1191 895 1232 circulo
913 1194 1065 1238 ABCD,
1086 1190 1273 1244 polygono
1286 1192 1599 1230 EKFLGMHN

51 1268 63 1271 ”
139 1266 251 1307 fimile
274 1264 500 1318 polygonum
524 1264 829 1303 AXBOCPDR.
890 1261 936 1299 est
961 1261 1064 1313 igitur
1088 1271 1127 1298 ut
1151 1259 1363 1312 quadratum
1389 1273 1433 1297 ex
1456 1261 1526 1297 BD
1550 1259 1596 1298 ad

142 1335 355 1391 quadratum
386 1347 429 1371 ex
458 1334 544 1378 FH,
577 1333 626 1378 ita
652 1329 875 1383 polygonum
900 1329 1189 1367 AXBOCPDR
1214 1327 1258 1365 ad
1283 1328 1595 1365 EKFLGMHN

139 1397 402 1459 polygonumb.
463 1399 521 1438 sed
545 1410 579 1438 et
602 1411 642 1437 ut
666 1398 878 1451 quadratum
903 1411 947 1435 ex
968 1398 1039 1434 BD
1065 1395 1110 1434 ad
1135 1394 1343 1447 quadratum
1370 1408 1414 1432 ex
1437 1397 1520 1442 FH,
1549 1395 1595 1434 ita
1607 1401 1636 1432 b.
1657 1410 1746 1434 1.12‚

141 1474 280 1514 ABCD
303 1468 451 1510 circulus
475 1468 520 1507 ad
543 1466 689 1520 spatium
715 1468 750 1505 S.
805 1480 889 1519 ergo
913 1477 947 1503 ct
972 1476 1012 1502 ut
1035 1463 1182 1503 circulus
1206 1465 1351 1502 ABCD
1376 1463 1421 1501 ad
1444 1461 1595 1515 spatium

139 1542 179 1588 S,
211 1541 260 1579 ita
290 1537 514 1592 polygonum
541 1536 831 1574 AXBOCPDR
859 1533 904 1572 ad
937 1533 1296 1573 EKFLGMHN
1332 1529 1590 1583 polygonumc.
1608 1558 1749 1592 0114).—

140 1610 256 1664 major
280 1619 398 1647 autem
424 1606 472 1644 est
495 1602 645 1643 circulus
672 1605 814 1643 ABCD
839 1616 883 1641 eo
907 1601 1008 1654 quod
1032 1601 1068 1639 in
1087 1599 1161 1653 ipso
1179 1601 1227 1639 est
1245 1598 1450 1653 polygono;
1486 1614 1595 1652 quare

139 1692 175 1721 et
205 1677 355 1731 spatium
388 1676 412 1714 S
449 1674 563 1727 majus
599 1674 647 1712 est
683 1671 871 1725 polygono
902 1663 1252 1709 EKFLGMHNd.
1312 1667 1370 1707 sed
1401 1680 1435 1707 et
1464 1669 1594 1718 minus,
1605 1679 1633 1709 d.
1651 1687 1699 1717 14.
1714 1688 1742 1720 5v

140 1760 180 1789 ut
202 1747 298 1800 prius
321 1742 516 1789 ostensum3
553 1742 652 1794 quod
685 1742 762 1780 fieri
792 1754 868 1779 non
896 1740 1019 1792 potest.
1080 1752 1156 1777 non
1180 1738 1284 1790 igitur
1310 1738 1360 1776 est
1383 1749 1422 1776 ut
1445 1737 1594 1790 quadra-

141 1830 218 1856 tum
249 1829 292 1853 ex
322 1815 392 1852 BD
425 1811 470 1850 ad
501 1811 715 1864 quadratum
746 1824 790 1848 ex
822 1811 905 1855 FH,
937 1808 985 1847 ita
1020 1808 1167 1847 ABCD
1192 1804 1338 1845 circulus
1370 1805 1413 1845 ad
1445 1804 1595 1859 spatium

142 1883 284 1937 aliquod
304 1882 418 1922 minus
442 1879 575 1919 circulo
598 1881 760 1918 EFGH.
806 1877 961 1916 fimiliter
978 1875 1203 1915 ostendemus
1223 1889 1337 1927 neque
1357 1873 1425 1914 effe
1445 1887 1485 1914 ut
1507 1889 1592 1928 qua-

142 1955 281 1993 dratum
304 1966 348 1991 ex
369 1952 443 1990 FH
468 1949 512 1988 ad
537 1949 749 2002 quadratum
777 1961 820 1986 ex
843 1949 926 1992 BD,
960 1946 1007 1984 ita
1032 1943 1178 1984 circulus
1204 1945 1353 1983 EFGH
1378 1944 1421 1983 ad
1447 1943 1593 1997 aliquod

139 2022 289 2077 spatium
314 2020 431 2059 minus
454 2015 585 2056 circulo
608 2019 762 2057 ABCD.
828 2017 925 2055 Dico
949 2015 1056 2054 etiam
1081 2029 1200 2066 neque
1223 2012 1291 2052 effe
1314 2025 1354 2052 ut
1378 2013 1591 2066 quadratum

141 2107 184 2132 ex
215 2092 289 2130 BD
316 2088 361 2128 ad
387 2087 598 2141 quadratum
626 2101 669 2125 cx
699 2088 783 2132 FH,
816 2086 863 2123 ita
893 2082 1060 2123 circulum
1085 2084 1228 2122 ABCD
1263 2083 1306 2122 ad
1338 2081 1486 2136 aliquod
1518 2081 1591 2135 spa-

141 2162 228 2200 tium
257 2159 370 2212 majus
402 2154 533 2195 circulo
565 2157 725 2194 EFGH.
782 2153 807 2192 fi
839 2155 936 2192 enim
969 2152 1042 2190 fieri
1073 2152 1196 2205 potest,
1238 2151 1279 2190 fit
1307 2152 1353 2191 ad
1382 2152 1493 2204 majus
1517 2149 1590 2202 spa-

140 2230 229 2270 tium
254 2228 306 2267 T.
344 2227 408 2266 erit
431 2225 537 2280 igitur
562 2223 769 2263 invertendo
793 2234 832 2261 ut
851 2222 1061 2275 quadratum
1087 2236 1130 2261 ex
1149 2223 1221 2261 FH
1246 2221 1290 2260 ad
1315 2221 1526 2275 quadratum
1550 2231 1593 2256 ex

812 2293 897 2331 Oo
936 2303 959 2330 2
1511 2287 1593 2333 BQ
