2111 2755
404 179 689 231 LIBER
747 180 1414 235 DUODECIMUS.

160 274 259 316 solidi
279 273 444 315 BGML.
493 272 549 312 sed
573 270 675 311 solidi
699 271 842 324 quidem
862 272 1008 310 EHPO
1035 269 1184 310 altitudo
1208 271 1330 311 eadem
1355 273 1403 312 est
1425 288 1507 313 cum
1533 273 1609 316 alti-

160 345 283 384 tudine
305 342 498 396 pyramidis
521 342 689 385 DEFH;
724 338 823 378 solidi
846 354 930 378 vero
953 341 1106 379 BGML
1129 338 1279 379 altitudo
1302 341 1429 381 eadem
1453 344 1501 382 est
1525 359 1607 385 cum

157 411 346 452 altitudine
370 410 557 463 pyramidis
580 409 743 454 ABCG;
779 408 827 446 est
851 408 952 460 igitur
975 421 1015 447 ut
1042 409 1144 447 ABC
1168 407 1256 448 basis
1280 409 1325 447 ad
1350 408 1460 449 balim
1485 415 1603 461 DEF,

159 482 207 520 ita
231 480 424 534 pyramidis
437 480 585 518 DEFH
605 476 754 516 altitudo
777 477 821 514 ad
846 476 1066 516 altitudinem
1086 478 1277 529 pyramidis
1289 479 1443 518 ABCG.
1482 480 1606 533 Qarc

157 548 388 602 pyramidum
412 548 563 593 ABCG,
588 547 736 585 DEFH
761 542 856 582 bases
879 555 913 582 et
936 544 1134 584 altitudines
1157 547 1334 599 reciproce
1356 545 1434 587 sunt
1456 562 1604 602 propor-

158 616 318 657 tionales.

226 686 297 727 Sed
321 684 545 738 pyramidum
572 683 730 727 ABCG,
756 681 905 719 DEFH
935 678 1031 719 bases
1054 692 1089 720 et
1113 679 1313 720 altitudines
1336 683 1515 735 reciproce
1538 685 1606 726 sint

156 753 450 810 proportionales,
477 750 518 789 sit
540 749 667 789 scilicet
689 759 730 786 ut
752 749 852 787 ΑΒΕ
877 747 967 786 basis
990 749 1035 788 ad
1060 748 1172 789 basim
1195 751 1317 797 DEF,
1343 752 1390 790 ita
1414 755 1608 805 pyramidis

155 823 305 863 DEFH
325 819 475 860 altitudo
494 818 539 857 ad
564 816 787 857 altitudinem
811 816 1005 869 pyramidis
1022 819 1175 858 ABCG.
1214 818 1312 857 Dico
1333 821 1478 861 ABCG
1502 837 1606 876 pyra-

156 892 290 932 midem
314 888 490 944 pyramidi
514 888 663 926 DEFH
688 885 874 939 aequalem
898 883 977 924 effe.

222 958 353 1000 Iisdem
372 959 467 998 enim
486 956 700 1000 constructis,
719 955 891 1008 quoniam
915 966 953 994 ut
979 956 1081 994 ΑΒΕ
1100 953 1191 994 basis
1208 955 1254 994 ad
1275 954 1387 995 basmt
1413 960 1533 1006 DEF,
1558 959 1606 998 ita

155 1030 204 1069 est
229 1030 376 1067 DEFH
401 1025 592 1080 pyramidis
611 1023 758 1063 altitudo
778 1023 822 1062 ad
841 1022 1063 1063 altitudinem
1082 1024 1273 1076 pyramidis
1289 1026 1431 1064 ABCG
1442 1043 1452 1072 ;
1487 1039 1526 1065 ut
1544 1042 1605 1066 au·-

155 1110 228 1136 tem
252 1097 354 1136 ΑΒΕ
378 1094 468 1134 basis
492 1094 536 1133 ad
561 1092 671 1132 basim
696 1094 815 1139 DEF,
846 1093 892 1131 ita
916 1094 995 1131 ΒΜ
1024 1091 1395 1146 parallelograimnum
1422 1094 1466 1132 ad
1491 1094 1606 1147 paral·

156 1165 428 1218 lelogrammum
454 1165 538 1209 EP;
574 1163 637 1201 erit
661 1173 695 1200 et
718 1173 756 1200 ut
774 1159 1149 1214 parallelogrammum
1173 1164 1251 1200 ΒΜ
1276 1162 1321 1200 ad
1340 1164 1402 1200 ΕΡ
1421 1162 1607 1215 parallelo-

155 1248 366 1288 grammum,
403 1233 450 1270 ita
485 1230 674 1283 pyramidis
712 1231 860 1269 DEFH
897 1228 1045 1269 altitudo
1080 1230 1124 1269 ad
1160 1229 1381 1269 altitudinem
1417 1232 1607 1283 pyramidis

158 1303 314 1342 ABCG.
363 1299 420 1338 sed
445 1299 638 1352 pyramidis
662 1299 805 1351 quidem
830 1300 936 1337 DEF
939 1300 979 1337 H
1004 1297 1155 1337 altitudo
1173 1298 1299 1336 eadem
1319 1299 1367 1336 est
1389 1313 1472 1337 cum
1491 1299 1607 1338 altitu-

155 1371 239 1409 dine
269 1367 366 1407 solidi
396 1365 683 1420 parallelepipcdi
717 1367 882 1413 EHPO3
923 1367 1114 1418 pyramidis
1145 1379 1229 1404 vero
1260 1367 1423 1405 ABCG
1454 1365 1607 1406 altitudo

154 1438 279 1478 eadem
299 1438 347 1475 est
363 1451 445 1475 cum
465 1434 647 1474 altitudine
666 1433 764 1473 solidi
783 1432 1066 1487 parallelepipedi
1082 1436 1246 1474 BGML.
1284 1435 1332 1473 est
1350 1435 1455 1487 igitur
1472 1447 1512 1474 ut
1527 1437 1605 1476 ΒΜ

154 1505 246 1545 basis
269 1505 313 1543 ad
336 1504 451 1543 bafina
474 1505 550 1548 ΕΡ,
575 1503 623 1540 ita
643 1504 789 1541 EHPO
813 1501 913 1541 solidi
937 1501 1217 1555 parallelepipedi
1243 1501 1393 1541 altitudo
1417 1503 1463 1542 ad
1486 1502 1604 1543 altitu-

154 1575 278 1613 dinem
302 1570 400 1611 solidi
424 1570 703 1624 paralltlepipedi
722 1573 886 1610 BGML.
924 1585 1077 1623 quorum
1102 1582 1221 1610 autem
1244 1569 1439 1610 solidorum
1456 1570 1605 1625 paralle-

154 1641 400 1696 lepipedorum
424 1638 523 1678 bases
547 1650 580 1678 et
604 1637 803 1678 altitudines
827 1640 1004 1692 reciproce
1033 1638 1112 1678 sunt
1134 1639 1429 1692 proportionaleS‚
1462 1655 1504 1680 ea
1527 1638 1604 1679 sunt

1735 206 1831 257 307

154 1708 312 1764 aequalia
321 1706 349 1748 b.
409 1707 559 1748 solidum
590 1708 693 1760 igitur
716 1707 1050 1761 parallelepipedum
1073 1710 1228 1747 BGML
1251 1707 1397 1761 aequale
1421 1710 1468 1748 est
1491 1707 1604 1749 solido
1615 1719 1644 1750 b.
1662 1727 1713 1761 34.
1727 1720 1777 1762 1¹AE

153 1775 449 1832 parallelepipedo
467 1777 626 1816 EHPO.
664 1789 769 1829 atque
792 1777 840 1815 est
863 1775 961 1815 solidi
980 1776 1123 1829 quidem
1142 1778 1296 1817 BGML
1319 1775 1411 1816 sexta
1436 1792 1514 1831 pars
1537 1793 1601 1832 py-

154 1847 261 1887 ramis
275 1846 434 1892 ABCG;
470 1844 569 1884 solidi
592 1859 674 1884 vero
693 1847 838 1885 EHPO
863 1844 954 1883 sexta
977 1859 1055 1897 pars
1079 1846 1127 1884 est
1151 1846 1304 1898 pyramis
1318 1848 1426 1886 DEF
1427 1849 1479 1886 H.
1515 1861 1601 1901 ergo

155 1916 310 1968 pyramis
326 1916 468 1955 ABCG
486 1914 668 1967 ‘pyramidi
687 1916 835 1955 DEFH
860 1915 907 1953 est
931 1912 1093 1967 aequalis.
1129 1913 1346 1969 Aequalium
1370 1915 1473 1969 igitur
1493 1928 1599 1971 pyra-

155 1983 295 2024 midum
319 1983 389 2022 &c.
439 1984 496 2035 Q
513 1984 559 2021 E.
584 1984 634 2021 D.

797 2184 888 2239 Qq
928 2197 951 2222 2
1310 2153 1517 2227 'PROR
1553 2185 1599 2224 x„
