2111 2755
295 207 425 261 224·

687 188 1078 240 EUCLIDIS
1123 187 1787 245 ELEMENTORUM

1179 282 1304 320 XXII.

517 354 606 396 Axis
629 362 751 392 autem
776 348 941 404 Cylindri
964 351 1014 390 est
1036 347 1217 405 quiescens
1234 348 1294 391 illa
1316 355 1409 392 reeta
1432 350 1536 399 linea,
1559 352 1694 393 circum
1717 369 1827 409 quam
1848 357 1966 411 paral-

587 420 866 476 lelogrammum
887 420 1117 461 convertitur.

1171 489 1315 529 XXIII.

516 557 617 601 Bases
639 572 724 599 vero
746 557 911 612 Cylindri
934 556 1014 598 sunt
1036 556 1157 599 circuli
1187 572 1208 597 a
1229 556 1379 598 duobus
1410 557 1559 598 adverfis
1584 557 1752 599 lateribus
1784 574 1873 614 quae
1901 566 1965 604 cir-

583 639 821 684 cumaguntur
844 626 1016 681 descripti.

1172 696 1313 734 XXIV.

515 764 654 809 Similes
678 766 775 807 Coni
798 777 833 805 et
855 764 1019 818 Cylindri
1049 763 1140 813 sunt,
1176 778 1333 818 quorum
1363 779 1444 805 axes
1475 776 1510 804 et
1540 763 1679 806 bafium
1702 767 1864 809 diametri
1886 783 1972 824 pro-

582 833 799 890 portionales
821 833 913 874 sunt.

1179 904 1300 943 XXV.

517 972 642 1015 Cubus
664 974 714 1013 est
737 972 852 1028 figura
875 970 987 1012 solida
1009 970 1067 1011 sex
1091 972 1269 1026 quadratis
1294 968 1499 1025 aequalibus
1523 982 1703 1012 contenta.

1169 1043 1311 1081 XXVI.

514 1111 761 1152 Tetraedrum
792 1111 841 1151 est
871 1111 986 1166 figura
1015 1108 1126 1151 solida
1150 1122 1301 1165 quatuor
1325 1109 1506 1165 triangulis
1529 1107 1735 1166 aequalibus
1759 1121 1794 1151 et
1819 1111 1973 1167 aequila-

584 1182 666 1222 teris
688 1192 870 1221 contenta.

1163 1251 1325 1290 XXVII.

516 1318 739 1359 Oetaedrum
762 1319 812 1358 est
836 1319 949 1373 figura
983 1316 1092 1358 solida
1123 1322 1206 1359 oeto
1237 1317 1420 1373 triangulis
1450 1315 1654 1371 aequalibus
1684 1328 1720 1358 et
1755 1318 1974 1373 aequilateris

580 1397 765 1426 contenta.

1149 1457 1331 1495 XXVIII.

507 1522 796 1566 Doclecaedrum
820 1524 869 1562 est
888 1523 1002 1578 figura
1025 1522 1137 1563 solida
1161 1524 1353 1564 duodecim
1375 1523 1587 1580 pentagonis
1610 1522 1829 1579 aequalibus,
1858 1537 1894 1566 et
1916 1539 1975 1567 ae-

580 1592 760 1647 quilateris
785 1604 820 1632 et
843 1592 1085 1647 aequianguliS
1108 1605 1289 1634 contenta.

1172 1664 1314 1702 XXIX.

511 1729 742 1773 Icosaedrum
761 1731 811 1771 est
835 1731 951 1786 figura
974 1729 1084 1772 solida
1102 1732 1224 1787 viginti
1248 1730 1434 1787 triangulis
1458 1730 1675 1786 aequalibus,
1699 1743 1735 1771 et
1757 1730 1974 1788 aequilateris

581 1811 762 1841 contenta.

1131 1872 1172 1909 D
1179 1872 1213 1909 E
1222 1872 1264 1909 F.
1305 1872 1357 1910 A.

510 1938 852 1994 Parallelepipedum
876 1940 925 1979 est
943 1939 1058 1994 figura
1082 1937 1193 1978 solida
1217 1937 1275 1977 sex
1298 1939 1421 1994 figuris
1439 1938 1689 1994 quadrilateriS‚
1710 1953 1863 1994 quarum
1883 1955 1973 1995 quae

582 2023 626 2049 ex
650 2007 795 2050 adverso
819 2007 1008 2064 parallelae
1029 2007 1120 2059 sunt,
1144 2019 1324 2049 contenta.

1732 2214 1901 2256 PROP.
1938 2216 1970 2256 Ι.
