2111 2755
406 214 692 265 LIBER
753 212 1346 263 UNDECIMUS.
1710 234 1804 287 243

129 313 379 362 ABQACD,
395 313 510 351 ADB
529 322 596 350 tres
620 306 740 363 anguli
764 306 844 347 sunt
861 305 1026 360 aequales
1050 304 1191 346 duobus
1214 306 1325 354 restis,
1350 317 1452 347 erunt
1475 307 1585 350 trium

129 381 386 437 triangulorum
407 394 540 431 ¹novem
565 377 682 432 anguli
704 379 817 425 CBA,
853 378 964 423 BAC,
1004 377 1117 424 ACB,
1156 377 1283 423 ACD,
1313 377 1434 425 CDA,
1460 379 1581 427 DAC,

129 454 253 497 ADB,
268 452 386 497 DBA,
401 451 512 488 BAD
527 445 688 500 aequales
711 445 769 485 sex
793 446 902 484 rectis.
943 459 1098 498 quorum
1117 442 1175 484 sex
1193 443 1312 498 anguli
1324 447 1436 492 CBA,
1465 449 1581 496 ACB,

128 523 250 567 ACD,
275 521 404 565 CDA,
432 519 556 563 ADB,
582 517 695 555 DBA
721 514 858 553 duobus
882 515 980 553 reffis
1004 513 1082 552 sunt
1107 514 1270 566 majores.
1331 513 1454 568 reliqui
1477 516 1580 569 igitur

128 602 197 630 tres
221 586 338 642 anguli
361 587 474 631 BAC,
506 586 634 629 CAD,
662 584 789 630 DAB,
814 582 874 635 qui
904 580 1054 620 solidum
1077 583 1263 621 continent
1286 582 1470 637 angulum,
1493 599 1582 638 qua-

127 671 211 699 tuor
235 657 334 696 ree'tis
357 656 511 694 minores
535 651 626 692 sunt.

197 727 268 766 Sed
298 724 340 764 fit
374 722 505 763 solidus
540 719 686 773 angulus
717 720 762 759 ad
786 722 823 758 A
846 730 1033 758 contentus
1057 729 1287 771 quotcunque
1310 718 1423 771 planis
1448 720 1581 775 angulis

123 797 240 841 ΒΑΕ,
263 795 390 839 CAD,
410 791 538 836 DAE,
564 790 682 836 EAF,
706 789 825 835 FAB;
862 799 964 827 erunt
987 787 1025 826 hi
1044 801 1170 826 omnes
1194 786 1297 827 simul
1315 789 1471 828 minores
1495 805 1583 844 qua-

125 877 208 905 tuor
231 861 342 901 restis.

194 934 375 971 Occurrat
397 925 545 981 planum
565 924 707 979 aliquod
731 924 846 978 planis
869 925 904 964 in
925 923 1053 978 quibus
1073 922 1151 964 sunt
1170 923 1301 979 anguli,
1321 925 1460 979 sintque
1478 941 1578 965 com-

123 1016 251 1043 munes
274 1001 347 1053 ejus
371 996 536 1036 senioncs
559 1010 645 1034 cum
668 993 759 1034 hisce
783 993 897 1047 planis
921 997 1033 1033 rectae
1057 996 1131 1041 BC,
1157 995 1244 1040 CD,
1272 997 1357 1042 DE,
1390 997 1469 1043 EF,
1505 998 1579 1035 FB.

122 1070 310 1124 Qoniam
333 1068 437 1120 igitur
454 1065 582 1104 solidus
606 1063 753 1118 angulus
777 1064 821 1102 ad
844 1064 887 1111 B,
911 1062 1020 1102 tribus
1044 1062 1161 1116 planis
1184 1062 1322 1117 angulis
1345 1066 1456 1113 CBA,
1469 1066 1569 1105 ABF
1571 1094 1581 1113 ‚

122 1141 222 1180 FBC
259 1137 470 1182 continetur,
507 1135 579 1172 duo
610 1131 758 1185 quilibet
793 1131 929 1186 reliquo
960 1134 1110 1185 majores

124 1207 245 1253 sunt³;
281 1203 399 1258 anguli
430 1204 535 1256 igitur
558 1204 670 1249 CBA,
701 1203 812 1249 ABF,
848 1200 982 1256 angulo
1013 1203 1109 1241 FBC

1326 1144 1362 1186 Α

1314 1203 1388 1272 <fix

123 1276 201 1317 sunt
224 1275 385 1326 majores.
423 1272 548 1311 eadem
568 1272 704 1310 ratione
723 1281 758 1309 et
776 1270 851 1309 duo
870 1269 988 1323 anguli
1012 1269 1109 1323 plani
1218 1254 1309 1379 s
1322 1268 1326 1284 s
1367 1256 1429 1311 XX

120 1344 168 1385 ad
191 1340 477 1393 unumquodque
501 1353 544 1377 ex
568 1339 704 1392 punftis
716 1339 760 1384 C,
777 1340 827 1385 D,
842 1340 888 1385 E,
902 1340 945 1386 F,
965 1340 1026 1391 qui
1046 1353 1109 1377 an-
1159 1367 1194 1415 Β
1209 1344 1305 1403 β-ί
1346 1273 1353 1388 l
1392 1300 1551 1411 ΧᾉἘ,

1274 1426 1282 1450 s
1428 1398 1480 1519 *x
1499 1411 1511 1518 l

1590 1203 1617 1224 a·
1637 1201 1686 1226 20.
1707 1202 1753 1225 ΙΙ,

121 1411 198 1468 guli
228 1410 306 1449 sunt
335 1409 381 1448 ad
414 1407 510 1447 bases
549 1405 809 1461 triangulorum
841 1420 999 1459 quorum
1031 1421 1107 1446 ver-

120 1494 181 1522 tex
203 1478 405 1520 communis
435 1478 483 1516 est
507 1479 556 1523 A,
590 1477 739 1529 majores
770 1473 848 1514 sunt
879 1474 1015 1528 reliquo
1040 1490 1102 1515 an—

121 1548 207 1605 gulo
239 1548 284 1586 ad
316 1546 411 1585 idem
435 1548 618 1598 punfftum,
651 1545 711 1596 qui
736 1542 860 1582 scilicet
887 1545 935 1582 est
960 1542 1106 1596 angulus
1183 1530 1222 1574 C
1243 1453 1346 1605 4
1363 1536 1497 1611 f
1510 1525 1543 1568 E

120 1617 296 1674 polygoni
315 1615 502 1653 BCDEF.
541 1614 680 1652 Omnes
693 1613 797 1665 igitur
814 1610 931 1665 anguli
949 1612 1010 1664 qui
1029 1610 1106 1650 sunt
1334 1598 1377 1665 Ι)

117 1688 164 1728 ad
189 1683 284 1725 bases
307 1680 569 1736 triangulorum
590 1679 694 1720 simul
718 1681 871 1734 majores
890 1678 967 1719 fiint
987 1681 1105 1718 omni-

117 1755 187 1796 bus
205 1752 380 1808 polygoni
404 1749 549 1804 angulis.
586 1749 772 1802 Quoniam
796 1763 880 1788 vero
903 1763 1028 1788 omnes
1054 1746 1174 1802 anguli
1192 1747 1448 1803 triangulorum
1468 1750 1573 1792 fimul

120 1820 282 1877 aequales
306 1819 385 1859 sunt
412 1818 464 1858 bis
488 1830 542 1857 tot
566 1819 663 1858 reffls
688 1830 778 1871 quot
801 1816 881 1857 sunt
905 1816 1075 1871 triangula
1087 1814 1114 1865 b,
1146 1817 1217 1857 hoc
1241 1819 1288 1856 est
1308 1832 1397 1872 quot
1420 1819 1497 1861 sunt
1520 1819 1569 1861 la·
1582 1828 1610 1858 b.
1628 1837 1725 1869 32.1.

118 1906 193 1934 tera
212 1889 384 1944 polygoni
397 1890 586 1934 BCDEF;
621 1901 747 1925 omnes
766 1898 881 1926 autem
905 1885 1022 1940 anguli
1041 1885 1212 1939 polygoni
1232 1902 1299 1927 una
1319 1904 1401 1928 cum
1421 1901 1571 1943 quatuor

119 1960 220 2003 rectis
251 1956 410 2011 aequales
434 1957 542 1995 etiam
573 1953 650 1994 sunt
683 1955 736 1994 bis
768 1968 822 1995 tot
852 1956 951 1995 renis
985 1954 1074 2008 quot
1105 1954 1182 1994 sunt
1216 1956 1392 2012 polygoni
1416 1957 1789 2008 laterac;C·I.Cor.32.h

118 2039 222 2071 erunt
248 2041 374 2066 onmes
399 2023 656 2078 triangulorum
693 2023 813 2079 anguli
848 2023 1009 2076 aequales
1039 2024 1207 2063 omnibus
1238 2027 1371 2080 angulis
1395 2026 1570 2083 polygoni

116 2113 187 2139 una
209 2111 293 2137 cum
317 2106 467 2148 quatuor
486 2094 595 2133 renis.
634 2095 773 2132 Omnes
791 2108 875 2132 vero
896 2093 1015 2147 anguli
1035 2094 1080 2133 ad
1100 2093 1195 2133 bases
1216 2095 1471 2150 triangulorum
1492 2113 1568 2137 ma-

114 2167 210 2222 jores
232 2164 359 2204 ostensi
383 2162 460 2202 sunt
483 2162 651 2202 omnibus
674 2161 848 2216 polygoni
866 2162 1015 2216 angulis.
1051 2165 1151 2217 Ergo
1170 2164 1423 2219 triangulorum
1443 2166 1566 2219 reliqui

117 2234 247 2290 anguli,
280 2233 407 2290 quibus
437 2231 566 2274 scilicet
595 2230 727 2273 solidus
759 2231 909 2285 angulus
940 2233 985 2272 ad
1015 2234 1052 2274 A
1083 2234 1283 2276 continetur
1308 2237 1464 2276 minores
1487 2234 1566 2274 sunt

758 2303 799 2342 H
822 2300 848 2341 h
887 2313 916 2362 2⁴
1411 2315 1566 2356 quatuor
