2111 2755
422 201 707 249 LIBER
767 198 1248 266 QUARTUS.

109 306 286 348 quemque
311 289 526 344 angulorum
552 291 664 337 CBA,
688 291 806 336 BAE,
834 291 950 328 AED
975 289 1072 328 reftis
1095 285 1193 325 lineis
1215 287 1289 334 BF,
1314 287 1392 334 FA,
1417 288 1482 326 FE
1509 287 1561 328 bi-

106 360 233 402 fariam
257 359 388 399 seftum
407 357 485 398 effe.
546 370 582 397 et
603 359 776 411 quoniam
801 357 950 411 angulus
973 359 1078 397 BCD
1102 355 1164 408 ipfi
1187 357 1294 394 CDE
1325 356 1373 394 est
1397 356 1558 410 aequalis,

105 443 211 484 atque
235 430 283 468 est
307 427 424 481 anguli
449 427 592 480 quidem
615 429 720 467 BCD
744 427 931 466 dimidium
955 428 1069 474 FCD,
1094 424 1197 478 ipfius
1220 438 1304 464 vero
1322 426 1431 464 CDE
1457 425 1559 465 dimi—

103 500 203 539 dium
220 499 344 544 CDF;
380 498 444 535 erit
463 508 498 534 et
522 498 553 534 F
556 498 627 534 CD
652 495 808 547 aequalis
831 495 894 547 ipfi
918 497 1040 542 FDC;
1293 523 1346 574 A

102 582 211 621 quare
236 579 270 606 et
290 565 383 605 latus
402 566 466 604 CF
491 562 592 602 lateri
609 565 640 602 F
643 565 683 602 D
702 564 751 601 est
775 559 960 615 aequaleb.
997 562 1041 601 fi·
1564 576 1591 604 b.
1606 574 1635 605 6,
1651 576 1680 607 1.'

101 635 230 676 militer
249 633 452 674 ostendetur
476 643 510 671 et
533 646 765 685 unaquaeque
787 628 939 684 ipsarum
962 632 1039 678 FB,

101 707 180 751 ΡΑ,
204 707 271 744 FE
298 700 451 755 aequalis
477 701 615 753 utrique
639 702 715 748 FC,
747 703 829 739 FD.
881 700 1039 752 quinque
1094 662 1133 712 B
1267 685 1304 732 F
1485 675 1534 723 E

101 774 208 827 igitur
231 776 346 812 rectae
371 770 483 808 lineae
507 771 586 816 FA,
601 771 674 815 FB,
694 770 770 814 FC,
790 770 872 814 FD,
898 770 964 806 PE
986 769 1039 806 in-
1323 760 1439 920 §s

102 853 153 880 ter
172 840 203 880 se
223 837 387 892 aequales
407 836 496 877 sunt.
533 848 656 876 centro
675 838 778 890 igitur
791 839 834 883 F,
854 834 1039 875 intervallo

101 921 220 949 autem
251 909 351 947 unius
381 907 529 959 ipsarum
554 907 639 952 FA,
665 908 737 953 FB,
762 908 836 952 FC,
860 907 944 952 FD,
971 907 1038 944 FE
1104 942 1106 944 ,
1151 876 1190 924 C
1283 883 1356 921 :-
1438 878 1476 920 D

97 976 248 1018 circulus
273 975 460 1028 descriptus
480 975 583 1013 etiam
607 988 670 1026 per
693 973 824 1027 reliqua
843 973 1003 1013 transibit
1025 977 1167 1026 puncta,
1192 986 1299 1026 atque
1317 973 1553 1029 circumscrip-

100 1059 153 1086 tus
172 1047 234 1085 erit
252 1046 343 1084 circa
362 1056 603 1097 pentagonum
617 1042 866 1096 aequilaterum
887 1054 921 1081 et
939 1041 1210 1096 aequiangulum
1224 1044 1410 1081 ABCDE.
1450 1046 1552 1084 Circa

95 1115 216 1154 datum
247 1115 350 1166 igitur
381 1123 628 1165 pentagonum
655 1110 909 1165 aequilaterum
941 1122 976 1150 et
1011 1110 1289 1165 aequianguhun
1319 1110 1465 1151 circulus
1501 1114 1549 1152 est

97 1181 388 1234 circumscriptus.
448 1182 507 1233 Q
525 1182 571 1219 E.
598 1182 650 1219 D.

554 1292 723 1330 PROP.
761 1293 844 1330 XV.
914 1293 1085 1331 PROB.

97 1381 190 1483 IN
215 1380 322 1425 dato
348 1377 516 1424 circulo
540 1377 829 1441 hexagonum
855 1377 1181 1440 aequilaterum
1206 1390 1251 1423 et.
1276 1377 1548 1442 aequiangu-

178 1448 275 1494 lum
298 1447 547 1494 inscribere.

165 1590 216 1630 Sit
236 1590 337 1628 datus
355 1586 502 1627 circulus
519 1589 730 1627 ABCDEF
740 1606 749 1634 ;
785 1600 928 1641 oportet
947 1588 982 1626 in
1003 1589 1068 1626 cir·
1301 1605 1339 1647 Q

94 1658 176 1699 culo
193 1659 404 1698 ABCDEF
429 1656 656 1709 hexagonum
683 1656 935 1708 aequilaterum
959 1668 993 1694 et
1013 1671 1069 1694 ae-
1180 1639 1455 1734 ΚΧ

95 1725 327 1781 quiangulum
351 1724 548 1764 inscribere.
1107 1720 1143 1764 F
1177 1748 1309 1821 Q
1327 1743 1458 1821 s
1486 1710 1523 1756 B

144 1798 329 1840 -Sumatur
362 1796 400 1833 G
432 1805 594 1832 centrum
623 1791 742 1831 circuli
780 1795 1000 1840 ABCDEF,
1033 1804 1068 1832 et

95 1865 243 1905 ducatur
267 1864 436 1902 diameter
464 1863 603 1908 AGD;
639 1873 674 1900 et
697 1873 820 1900 centro
845 1862 990 1915 quidem
1016 1864 1066 1909 D,
1103 1886 1140 1939 Ε
1171 1728 1526 2003 &C

95 1931 278 1973 intervallo
292 1943 409 1971 autem
425 1932 505 1970 DG
522 1928 671 1970 circulus
685 1928 895 1970 describatur
905 1933 1066 1979 EGCH,

93 2003 280 2056 etjunetae
291 2002 380 2046 EG,
400 2001 473 2039 CG
493 1999 536 2038 ad
555 2002 686 2052 puncta
700 2000 741 2046 Β,
764 2002 795 2038 F
813 2000 1065 2052 producantur,
1143 1910 1494 2177 Ἦ

90 2072 353 2125 jungamurque
367 2070 446 2115 AB,
464 2069 538 2115 BC,
553 2069 637 2114 CD,
651 2069 739 2115 DE,
754 2071 833 2116 EF,
847 2071 877 2108 F
879 2071 926 2108 A.
968 2070 1066 2108 Dico

93 2139 322 2193 hexagonum
341 2138 553 2179 ABCDEF
573 2134 828 2192 aequilaterum
844 2149 879 2178 et
898 2138 1064 2192 aequian-
1283 2188 1338 2233 H

1359 2274 1546 2331 Qoniam-

96 2207 220 2263 gulum
243 2205 322 2249 effe.

1699 215 1792 260 127
