2111 2755
902 196 1440 246 NOTAE.

453 289 642 349 quentibus
665 283 866 334 occurrunt,
896 285 1174 342 explicationem
1196 288 1394 335 continent,
1431 286 1494 340 qui
1518 287 1674 342 quidem,
1712 291 1834 345 paucis
1857 303 1917 332 ex.

455 363 573 417 ceptiS,
605 374 650 399 ex
672 357 752 412 ipfis
776 356 1086 411 Proposrtionibus
1109 357 1213 411 hujus
1238 356 1317 396 libri
1341 358 1379 396 in
1405 355 1531 409 quibus
1551 359 1668 410 primo
1691 371 1840 400 utuntur
1864 359 1916 400 sa-

451 434 493 472 tis
516 427 759 474 innotescunt;
796 441 816 466 a
841 426 1003 467 Theone
1025 425 1080 466 vel
1104 424 1175 465 alio
1200 426 1360 479 quodam
1387 425 1526 465 additae
1551 426 1715 468 videntur
1745 430 1813 468 hae
1838 431 1916 469 De.

451 501 642 541 finitiones.
701 498 793 537 Utut
815 495 869 545 fit,
895 510 952 536 eas
974 494 1087 550 paulo
1111 495 1312 536 diffinfftius
1336 494 1484 544 tradere,
1503 495 1701 549 Tyronum
1722 499 1844 552 gratia,
1867 499 1917 539 vi-

455 567 531 610 fum
549 567 609 609 est,

909 662 1081 702 PROP.
1120 660 1186 700 IV.
1260 661 1371 701 LIB.
1408 661 1457 700 V.

1673 767 1690 783 (Ι
1714 767 1730 782 ΙΙ

530 777 576 816 In
594 773 868 826 construetione,
888 772 1182 813 demonstrationi
1200 772 1306 827 hujus
1323 770 1518 827 praemissa,
1537 772 1643 814 verba
1662 788 1689 811 α
1713 786 1849 833 noxe,
1864 786 1930 815 ut-

455 858 610 899 cunque,
638 844 691 884 bis
709 844 924 883 omittuntur
947 843 986 882 in
1009 854 1106 882 textu
1120 844 1278 890 Graeco,
1302 854 1337 881 et
1358 841 1518 881 versione
1531 845 1679 892 Latina;
1719 844 1839 884 addita
1858 845 1922 899 igi*-

455 925 511 954 tur
534 913 626 962 sunt,
650 924 775 966 utpote
793 913 945 952 omnino
966 909 1167 951 necessaria.

524 982 620 1023 Ibid.
638 983 676 1022 in
690 981 1012 1029 demonstratione3
1048 981 1086 1019 in
1106 991 1203 1019 textu
1220 980 1376 1028 Graeco,
1395 991 1430 1019 et
1442 980 1479 1020 in
1492 979 1650 1020 versione
1664 981 1794 1021 Latina
1809 983 1923 1022 Com-

455 1051 631 1099 mandini,
662 1063 698 1090 et
728 1051 766 1089 in
797 1064 839 1089 ea
862 1050 1013 1089 Henrici
1037 1049 1170 1103 Briggii
1193 1063 1286 1103 quae
1308 1049 1442 1103 prodiit
1466 1049 1626 1088 Londini
1650 1064 1748 1090 anno
1782 1050 1924 1101 1620,

456 1134 528 1160 una
550 1134 636 1159 cum
661 1131 759 1159 textu
783 1121 931 1159 Graeco
954 1119 1114 1173 priorum
1138 1117 1195 1158 sex
1219 1118 1430 1165 Librorum,
1470 1123 1651 1172 quamque
1681 1121 1718 1159 in
1742 1119 1814 1159 hoc
1839 1117 1924 1159 loco

455 1187 611 1243 sequitur
638 1188 760 1229 David
784 1189 983 1242 Gregorius
1013 1189 1051 1228 in
1082 1186 1139 1227 sua
1170 1188 1328 1228 editione
1358 1202 1512 1242 operum
1537 1186 1710 1234 Euclidis,
1746 1187 1926 1241 sequentia

455 1258 651 1308 habentur,
682 1258 750 1297 viz.
789 1262 813 1281 “
832 1256 991 1312 sumptae
1022 1269 1143 1297 autem
1168 1255 1247 1297 sunt
1265 1256 1418 1312 ipsarum
1445 1259 1498 1304 A,
1522 1259 1554 1296 C
1579 1271 1690 1310 aeque
1712 1256 1924 1310 multiplices

455 1331 479 1351 “
504 1331 554 1374 K,
578 1330 636 1374 L;
668 1339 703 1366 et
726 1326 879 1381 ipsarum
897 1329 940 1375 B,
967 1329 1007 1366 D
1032 1325 1121 1366 aliae
1146 1320 1191 1380 (οἵ
1215 1320 1352 1385 ἐ’τυχε)
1378 1338 1559 1380 utcunque
1583 1340 1695 1378 aeque
1713 1325 1926 1380 multiplices

457 1400 480 1419 “
503 1398 565 1444 M,
589 1395 674 1443 N;'’
713 1411 801 1449 quae
821 1396 967 1448 quidem
990 1396 1138 1434 minime
1161 1410 1242 1435 vera
1265 1396 1355 1435 sunt.
1415 1394 1609 1435 delendum
1631 1396 1736 1448 igitur
1758 1393 1827 1434 fuit
1849 1410 1925 1436 ver·

459 1464 550 1505 bum
575 1468 597 1487 “
612 1464 828 1517 utcunque.”
875 1465 1005 1503 mirum
1031 1476 1148 1503 autem
1173 1466 1221 1503 est
1245 1479 1365 1518 neque
1387 1465 1571 1518 Briggium
1597 1464 1657 1516 qui
1681 1463 1828 1503 verbum
1853 1464 1924 1504 hoc

461 1536 554 1573 reete
579 1532 697 1573 omisit
721 1533 757 1572 in
782 1547 858 1571 uno
882 1531 964 1571 loco
990 1535 1098 1584 Prop.
1134 1545 1146 1570 1
1166 1545 1205 1581 3.
1232 1533 1336 1586 hujus
1356 1532 1469 1579 Libri,
1488 1546 1606 1585 neque
1626 1532 1844 1586 Gregorium
1865 1534 1926 1586 qui

459 1602 557 1642 idem
580 1601 730 1642 verbum
755 1601 903 1641 mutavit
927 1601 963 1640 in
997 1606 1021 1623 “
1042 1600 1222 1654 quaedam
1232 1602 1249 1613 ”
1272 1600 1328 1641 vel
1354 1600 1467 1655 ipsum
1492 1600 1609 1640 omisit
1632 1601 1669 1639 in
1695 1614 1850 1654 quatuor
1872 1601 1927 1642 lo-

460 1672 508 1712 cis
532 1670 687 1726 ejusdem
712 1673 820 1724 Prop.
855 1684 867 1710 1
886 1684 924 1720 g.
950 1670 1046 1709 idem
1071 1684 1148 1709 non
1174 1669 1326 1710 omififfe
1357 1671 1394 1710 in
1425 1670 1496 1709 hoc
1519 1669 1601 1709 loco
1625 1672 1732 1723 Prop.
1761 1683 1804 1722 4.
1829 1682 1864 1710 et
1888 1672 1926 1710 in

460 1739 618 1780 secundo
642 1739 725 1780 loco
749 1741 784 1779 in
810 1754 884 1793 quo
907 1738 1062 1779 habetur
1086 1739 1122 1778 'm
1148 1741 1256 1793 Prop.
1291 1753 1305 1779 1
1321 1752 1361 1791 7.
1387 1740 1505 1793 hujus»,
1530 1740 1567 1778 ln
1593 1738 1734 1791 quibus,
1760 1737 1848 1778 salva
1867 1753 1926 1779 ve-

460 1811 573 1858 ritate,
597 1824 743 1849 manere
768 1824 844 1848 non
870 1810 994 1862 potest.
1045 1809 1082 1847 in
1101 1807 1204 1847 nullo
1229 1821 1350 1848 autem
1375 1823 1421 1848 ex
1437 1809 1491 1847 his
1517 1806 1604 1847 locis
1627 1809 1733 1848 verba
1755 1802 1781 1846 ἅ
1801 1800 1926 1867 ἔτυχε

460 1880 482 1918 ὲ
508 1891 606 1918 textu
626 1881 772 1918 Graeco
791 1877 995 1917 deleverunt
1018 1878 1198 1924 Editorcs,
1225 1890 1265 1916 ut
1289 1876 1408 1917 feciffe
1432 1877 1644 1916 debuerunt.

532 1950 736 1988 Occurrunt
756 1947 880 1987 eadem
899 1947 1005 1986 verba
1025 1947 1061 1985 in
1080 1958 1235 1999 quatuor
1254 1945 1339 1986 locis
1352 1950 1459 2001 Prop.
1490 1959 1502 1985 1
1526 1960 1559 1984 1.
1581 1947 1696 2000 hujuS,
1713 1947 1748 1985 in
1769 1961 1925 1999 quorum

462 2017 581 2071 primo
601 2030 635 2056 et
659 2017 788 2057 ultimo
813 2014 1004 2056 neccssaria
1028 2014 1116 2062 sunt,
1144 2027 1179 2054 at
1202 2016 1239 2054 in
1264 2014 1419 2055 secundo
1444 2028 1478 2054 et
1497 2016 1611 2062 tertio,
1651 2016 1809 2067 qumnvss
1834 2030 1924 2064 vera,

462 2084 543 2125 sunt
567 2098 688 2125 tamen
712 2085 906 2138 superflua,
943 2097 982 2124 ut
1007 2084 1114 2124 etiam
1140 2082 1221 2125 sunt
1244 2086 1282 2126 in
1305 2083 1461 2125 seeundo
1486 2083 1568 2126 loco
1591 2085 1629 2124 in
1650 2099 1724 2139 quo
1747 2084 1925 2125 habentur

464 2154 592 2195 eadem
614 2154 720 2195 verba
744 2156 780 2194 in
800 2157 908 2210 Prop.
947 2167 1017 2196 12.
1043 2154 1159 2211 hujus.

1787 2292 1924 2332 COR.
