2111 2755
302 174 390 262 1'48
690 194 1083 245 EUCLIDIS
1129 193 1798 246 ELEMENTORUM

515 285 629 327 sarum
647 288 726 332 AB,
744 287 808 324 BC
823 299 936 338 aeque.
954 283 1174 338 multiplices,
1194 296 1228 324 et
1247 286 1280 323 L
1300 283 1403 337 ipsius
1423 286 1463 323 D
1482 283 1549 323 alia
1567 287 1741 339 quaedam
1760 285 1972 340 multiplex;

316 363 464 402 b.Def.7.
476 370 606 410 5.erg0
630 356 698 394 AB
724 353 768 393 ad
790 356 829 392 D
854 355 1033 408 majorem
1051 352 1159 393 habet
1186 354 1363 393 rationem
1386 368 1495 407 quam
1520 355 1582 393 BC
1609 354 1653 393 ad
1676 352 1752 394 Db.

586 426 773 463 Praeterea
799 424 838 461 D
863 423 908 461 ad
932 425 994 462 BC
1019 424 1194 477 majorem
1218 421 1367 463 habebit
1393 423 1566 462 rationem
1592 436 1700 476 quam
1726 423 1769 462 ad
1792 427 1870 463 AB.
1921 422 1974 462 iis-

519 495 602 533 dem
627 493 723 531 enim
747 491 964 541 constructis,
995 489 1154 532 similiter
1178 492 1380 532 ostendetur
1410 494 1445 531 L
1468 490 1628 545 superare
1646 493 1730 539 FG,
1762 491 1868 544 ipsam
1891 506 1975 532 vero

517 564 595 602 EG
615 576 690 601 non
710 560 883 614 superare.
922 574 1028 614 atque
1053 563 1101 601 est
1114 564 1147 601 L
1166 559 1350 614 multiplex
1368 560 1474 614 ipfius
1487 563 1539 608 D,
1558 564 1589 600 F
1591 563 1629 600 G
1649 574 1736 599 vero
1751 572 1786 599 et
1805 562 1883 600 EG
1900 560 1977 601 sunt

519 630 608 671 aliae
632 631 811 684 quaedam
836 629 988 683 ipsarum*
1008 633 1082 677 CB,
1119 632 1185 670 AB
1210 645 1322 683 aeque
1354 628 1578 683 multiplices.
1635 632 1740 682 Ergo
1771 631 1816 668 D·
1843 629 1891 668 ad
1918 632 1979 670 CB

520 701 695 754 majorem
721 698 831 739 habet
855 700 1031 739 rationem
1053 714 1162 753 quam
1186 702 1226 739 D
1259 699 1304 739 ad
1329 695 1428 738 ABb.
1496 697 1743 752 Inaequalium
1773 698 1878 752 igitur
1904 698 1977 738 &c.

519 770 642 822 QE.
668 771 720 808 D.

958 862 1127 900 PROP.
1165 863 1232 899 IX.
1306 859 1545 898 THEOR.

633 966 786 1013 UAE
815 967 872 1013 ad
898 968 1103 1023 eandem,
1129 967 1319 1013 eandem
1345 965 1568 1014 rationem
1591 965 1775 1021 habent,
1799 962 1915 1010 inter
1938 963 1982 1010 se

664 1036 767 1082 sunt
793 1036 1023 1099 aequales3
1065 1050 1111 1083 et
1135 1037 1192 1082 ad
1218 1053 1327 1099 quas
1353 1037 1513 1085 eadem
1537 1037 1727 1084 eandem
1757 1033 1982 1081 rationem

520 1106 673 1163 habet,
699 1105 816 1169 ipsae
839 1106 943 1153 sunt
966 1105 1083 1153 inter
1106 1106 1149 1153 se
1174 1105 1394 1170 aequales.

591 1250 737 1290 Habeat
756 1251 853 1290 enim
871 1264 1020 1305 utraque
1038 1250 1191 1304 ipsarum
1207 1253 1258 1299 A,
1276 1254 1305 1291 B
1325 1252 1369 1291 ad
1389 1254 1420 1292 C
1433 1251 1586 1291 eandem
1605 1252 1781 1290 rationem
1797 1267 1806 1296 3
1842 1250 1923 1288 dico
1944 1251 1983 1289 A

522 1319 628 1371 ipfiB
649 1319 835 1372 aequalem
860 1319 938 1358 effe.
976 1335 1061 1359 nam
1088 1320 1114 1358 fi
1137 1334 1214 1359 non
1241 1320 1282 1359 fit
1308 1320 1475 1373 aequaliS,
1507 1319 1613 1360 altera
1645 1318 1795 1371 ipsarum
1828 1319 1876 1356 est
1907 1332 1983 1356 ma·—

519 1390 602 1442 j0r3
637 1386 679 1426 fit
712 1390 751 1427 A
776 1389 892 1441 major
906 1405 915 1434 3
951 1387 1029 1426 suut
1054 1389 1169 1441 igitur,
1204 1400 1242 1426 ut
1268 1387 1445 1427 ostensum
1463 1386 1533 1427 fuit
1555 1389 1593 1428 in
1618 1387 1860 1441 propositione
1883 1401 1984 1440 prae-

525 1456 685 1503 cedente,
711 1457 886 1508 quaedam
911 1455 1062 1509 ipsarum
1085 1460 1133 1504 A,
1158 1459 1188 1495 B
1212 1471 1323 1510 aeque
1347 1456 1571 1510 multiplices,

524 1537 560 1564 et
579 1525 754 1577 quaedam
773 1524 879 1577 ipfius
893 1527 924 1564 C
944 1524 1130 1577 multiplex
1156 1524 1239 1564 tales
1259 1539 1297 1565 ut
1316 1525 1501 1579 multiplex
1520 1527 1572 1579 ip-

1811 1574 1857 1614 D

524 1593 592 1633 fius
614 1596 653 1633 A
678 1593 814 1646 superet
839 1593 1075 1647 multiplicem
1096 1594 1200 1647 ipfius
1221 1596 1264 1642 C,
1288 1593 1471 1647 multiplex
1489 1609 1572 1633 vero
1645 1589 1709 1705 Al

522 1662 626 1715 ipfius
649 1665 678 1701 B
712 1663 864 1701 eandem
883 1678 958 1702 non
980 1662 1128 1716 superet.
1166 1662 1361 1712 sumantur,
1381 1676 1416 1703 et
1439 1663 1507 1702 fint
1521 1666 1572 1712 D,

524 1734 559 1771 E
584 1730 737 1784 ipsarum
757 1736 804 1779 A,
824 1735 852 1771 Β
873 1747 983 1786 aeque
1006 1731 1232 1786 multiplices,
1258 1735 1288 1772 F
1307 1747 1391 1772 vero
1415 1733 1519 1786 ipsius
1540 1735 1571 1772 C

524 1800 723 1854 multiplex,
749 1802 794 1840 ita
819 1814 859 1840 ut
883 1803 922 1840 D
949 1800 1087 1855 superet
1113 1804 1156 1849 F,
1188 1804 1222 1840 E
1254 1817 1338 1841 vero
1363 1802 1514 1840 eandem
1539 1804 1571 1840 F

524 1885 601 1909 non
626 1868 772 1923 superet.
834 1871 1004 1923 quoniam
1029 1885 1112 1909 vero
1135 1872 1184 1909 est
1208 1873 1245 1910 A
1269 1871 1312 1909 ad
1338 1873 1380 1917 C,
1414 1882 1454 1909 ut
1472 1872 1502 1908 B
1527 1871 1573 1909 ad
1645 1856 1683 1898 B
1702 1829 1711 1935 l
1821 1903 1858 1944 F

526 1941 569 1985 C,
598 1952 632 1978 et
655 1938 806 1992 ipsarum
832 1943 881 1987 A,
906 1941 937 1978 B
961 1938 1119 1992 sumptae
1150 1938 1230 1979 sunt
1262 1940 1437 1993 quaedam
1461 1955 1573 1993 aeque

524 2006 734 2059 multiplices
758 2011 808 2056 D,
834 2011 880 2057 E,
905 2021 940 2047 et
964 2009 1069 2062 ipsius
1095 2011 1126 2048 C
1151 2007 1289 2062 sumpta
1316 2010 1364 2048 est
1393 2009 1571 2062 quaedam

311 2092 337 2113 a.
359 2080 508 2122 5.Def.5.
525 2074 711 2119 multiplex
736 2080 779 2124 F,
805 2091 839 2116 et
863 2079 911 2117 est
933 2080 971 2117 D
996 2079 1112 2132 major
1130 2080 1173 2125 F,
1198 2080 1263 2118 erit
1288 2084 1302 2101 ³
1325 2081 1359 2117 E
1383 2079 1501 2132 major
1524 2081 1574 2125 F;
1599 2079 1647 2117 est
1664 2089 1783 2116 autem
1803 2086 1836 2114 et
1854 2081 1888 2118 E
1908 2095 1984 2121 non

523 2146 638 2199 major
662 2147 706 2192 F,
731 2146 828 2197 quod
854 2147 928 2185 fieri
960 2161 1035 2187 non
1066 2149 1192 2200 potest.
1253 2162 1330 2188 non
1361 2148 1465 2202 igitur
1494 2146 1686 2201 inaequalis
1718 2147 1766 2186 est
1789 2147 1826 2183 A
1848 2149 1911 2202 ipsi
1934 2153 1983 2198 133

526 2228 611 2268 ergo
636 2213 789 2268 aequans
814 2215 888 2254 erit.

1837 2286 1983 2330 Habeat
