2111 2755
293 229 384 281 194

359 321 385 341 a<
400 317 448 340 11.
465 318 493 341 1.

371 587 400 616 b.
418 594 447 623 7.
465 592 494 623 5.

667 205 1066 258 EUCLIDIS
1111 203 1776 260 ELEMENTORUM

572 303 805 341 Ducanture
829 297 927 337 enim
951 311 971 336 a
997 296 1135 351 punctis
1157 297 1208 343 A,
1234 296 1266 335 C
1292 294 1372 349 ipsis
1395 296 1475 341 AB,
1503 297 1576 336 CD
1601 298 1648 337 ad
1672 303 1785 339 restos
1811 299 1958 354 angulos

503 372 593 415 AG,
622 369 715 419 CH3
750 377 975 421 ponaturque
1000 365 1064 420 ipsi
1091 365 1236 419 quidem
1258 366 1290 404 F
1306 363 1461 418 aequalis
1482 366 1572 412 AG,
1594 366 1657 418 ipfi
1674 382 1760 408 vero
1779 372 1814 409 E
1833 384 1963 423 acqua-

504 438 545 479 lis
568 440 655 485 CH,
683 449 718 476 ct
740 434 991 489 compleantur
1017 437 1103 482 BG,
1129 436 1211 474 DH
1243 432 1588 487 parallelogramma.
1643 435 1826 487 Qoniam
1855 439 1960 492 igitur

505 509 554 548 est
578 520 617 546 ut
639 508 708 546 AB
734 505 780 544 ad
806 507 893 552 CD,
922 506 970 544 ita
995 507 1030 543 E
1050 504 1100 543 ad'
1124 506 1175 551 F;
1213 504 1261 542 est
1286 515 1402 542 autem
1422 505 1457 541 E
1488 501 1641 556 aequalis
1671 505 1765 550 CH„
1784 517 1818 544 et
1841 509 1872 546 F
1897 507 1961 560 ipsi

508 577 608 623 AG;
643 575 707 615 erit
731 570 748 597 b
767 586 805 614 ut
822 576 892 614 AB
912 574 957 613 ad
975 575 1061 621 CD,
1087 574 1135 612 ita
1157 574 1230 612 CH
1256 572 1301 611 ad
1320 573 1410 612 AG.
1460 570 1878 626 parallelogrammorum
1897 576 1963 630 igi-

508 658 564 686 tur
599 647 684 692 BG,
716 645 797 684 DH
829 641 951 691 latera,
988 656 1080 696 quae
1114 641 1193 680 sunt
1221 641 1357 680 circum
1387 639 1555 694 aequales
1590 641 1751 695 angulos,
1788 643 1967 696 reciproce

508 712 791 769 proportionalia
824 711 927 759 sunt3
976 725 1131 765 quorum
1166 722 1286 750 autem
1319 708 1641 763 aequiangulorum
1677 710 1967 767 parallelogram-

506 795 652 823 morum
689 782 810 829 latera‚
847 795 939 834 quae
977 778 1055 821 sunt
1090 781 1225 819 circum
1268 777 1434 832 aequales
1471 778 1632 834 anguIOS,
1672 782 1851 834 reciproce
1886 779 1968 821 sunt
2036 831 2038 834 ἱ

487 849 798 908 proportionalia,
834 865 874 889 ea
909 850 1000 889 inter
1035 847 1069 888 se
1103 847 1184 887 sunt
1215 846 1427 901 aequalia⁰;
1470 861 1556 901 ergo
1590 847 1984 904 parallelogrammum·

505 923 580 963 BG
603 917 752 974 aequale
776 919 824 958 est
854 916 1190 972 parallelogrammo
1220 916 1314 955 DH.
1375 927 1483 969 atque
1514 916 1563 955 est
1592 916 1985 973 parallelogrammum,

508 991 657 1045 quidem
683 990 766 1036 BG,
799 988 899 1040 quod
923 987 1023 1026 reftiS
1047 985 1151 1025 lineis
1178 987 1258 1032 AB,
1283 987 1316 1024 F

507 1059 724 1106 continetur,
748 1058 882 1097 etenim
905 1058 986 1097 AG
1011 1056 1060 1096 est
1085 1054 1243 1109 aequalis
1267 1057 1317 1102 F;
1686 1052 1690 1054 ’
1748 1065 1795 1107 H

508 1126 893 1183 parallelogrammum
940 1139 1025 1166 vero
1065 1127 1166 1173 DH,
1216 1124 1317 1178 quod
1666 1117 1669 1118 ⁷

509 1198 714 1238 continetur
737 1196 818 1250 ipsis
840 1199 925 1244 CD,
959 1198 1006 1243 E,
1039 1195 1088 1234 est
1120 1195 1218 1234 enim
1243 1195 1317 1234 CH
1402 1175 1447 1218 G
1768 1106 1938 1398 U

508 1267 573 1321 ipsi
588 1269 623 1307 E
637 1265 806 1320 aequalis·
848 1263 1094 1320 rectangulum
1109 1264 1213 1319 igitur
1227 1277 1315 1304 con·
1450 1192 1684 1399 U

509 1347 650 1375 tentum
675 1336 776 1375 reffis
794 1337 875 1382 AB,
895 1337 925 1374 F
939 1335 988 1374 est
1007 1332 1155 1388 aequale
1169 1334 1201 1373 ei
1215 1332 1315 1386 quod

507 1403 588 1458 ipsis
609 1405 698 1452 CD,
718 1406 753 1443 E
772 1403 986 1443 continetur.
1423 1404 1478 1454 A
1653 1405 1691 1449 Β
1758 1402 1803 1446 O
1901 1405 1949 1447 D

576 1472 648 1512 Sed
672 1471 715 1511 fit
738 1470 984 1525 reetangulum
1002 1481 1215 1510 contentum
1239 1483 1313 1509 rec-

507 1544 549 1582 tis
587 1542 670 1588 AB,
700 1542 732 1579 F
768 1538 914 1591 aequale
949 1539 980 1577 ei
1017 1539 1116 1592 quod
1151 1537 1230 1591 ipfis
1262 1539 1347 1585 CD,
1384 1538 1420 1576 E
1445 1535 1648 1575 continetur
1656 1551 1666 1581 ;
1702 1535 1785 1575 dico
1813 1548 1968 1590 quatuor

506 1615 615 1651 rectas
645 1608 759 1651 lineas.
793 1605 1079 1662 proportionales
1116 1605 1196 1656 effe,
1238 1604 1397 1645 videlicet
1439 1616 1480 1644 ut
1521 1606 1597 1645 AB
1633 1603 1680 1644 ad
1720 1606 1810 1654 CD,
1845 1605 1894 1646 ita
1931 1608 1968 1646 E

505 1680 552 1721 ad
587 1681 631 1718 F.

575 1745 707 1788 Iisdem
725 1747 820 1787 enim
842 1746 1060 1796 constructis,
1085 1745 1259 1800 quoniam
1277 1741 1521 1798 rectangulum
1538 1754 1751 1783 contentum
1770 1743 1870 1783 rectis
1886 1745 1968 1794 AB,

506 1820 540 1858 F
564 1818 613 1858 est
637 1815 784 1871 aequale
808 1817 839 1855 ei
863 1816 962 1869 quod
986 1818 1070 1865 CD,
1108 1818 1143 1855 E
1168 1815 1380 1860 continetur,
1418 1824 1522 1866 atque
1546 1813 1595 1852 est
1624 1811 1873 1866 reetangulum
1896 1815 1968 1854 BG

509 1896 721 1928 contentum
747 1885 893 1939 quidem
918 1887 1018 1924 rectis
1042 1886 1122 1933 AB,
1147 1886 1191 1932 F,
1218 1884 1350 1923 etenim
1376 1884 1457 1922 AG
1482 1882 1530 1921 est
1556 1880 1710 1935 aequalis
1732 1883 1764 1921 F
1772 1900 1782 1929 5
1818 1894 1968 1923 conten-

511 1968 591 1996 tum
621 1970 705 1995 vero
735 1954 814 2008 ipsis
840 1956 924 2000 CD,
958 1955 992 1994 E
1011 1955 1059 1994 est
1083 1950 1328 2007 reetangulum
1348 1953 1440 1999 DH,
1467 1952 1516 1990 est
1539 1951 1637 1990 enim
1658 1952 1732 1990 CH
1759 1950 1824 2004 ipsi
1848 1954 1884 1991 E
1910 1966 1968 1991 ae-

512 2024 624 2079 qualis
633 2042 642 2071 3
679 2025 743 2064 erit
766 2022 1141 2078 parallelogrammum
1165 2024 1235 2062 BG
1262 2019 1408 2075 aequale
1438 2018 1775 2074 parallelogranuno
1797 2022 1895 2066 DH;
1931 2032 1966 2059 ct

509 2092 589 2133 sunt
612 2092 852 2147 aequiangula.
903 2092 1104 2145 aequalium
1128 2104 1249 2132 autem
1273 2103 1308 2131 et
1331 2088 1649 2143 aequiangulorum
1678 2087 1965 2143 parallelogram-

509 2176 657 2202 morum
682 2160 800 2209 latera,
828 2177 920 2214 quae
943 2163 1076 2202 circum
1101 2160 1265 2215 aequales
1284 2157 1445 2215 angulos,
1468 2157 1548 2198 sunt
1565 2159 1742 2211 reciproce
1763 2157 1966 2211 proportio-

510 2231 637 2273 nalia-⁰.
674 2245 781 2286 quare
805 2242 844 2270 ut
868 2232 937 2271 AB
962 2231 1006 2271 ad
1030 2234 1114 2281 CD,
1139 2232 1187 2272 ita
1206 2232 1288 2272 CH*
1304 2229 1349 2270 ad
1374 2230 1471 2277 AG,-
1506 2225 1656 2283 aequalis
1681 2238 1800 2268 autem
1824 2226 1873 2267 est
1891 2227 1966 2266 CH

1899 2293 1985 2355 11*-

2106 2336 2111 2430 Ε

2090 2676 2111 2755 *ἰ
