2111 2755
277 205 372 272 238

653 200 1050 254 EUCLIDIS
1095 200 1763 256 ELEMENTORUM

564 297 655 334 Duo
680 292 789 347 plana
805 290 972 346 parallela
989 293 1068 340 AB,
1087 293 1162 331 CD
1180 305 1200 330 a
1219 290 1331 345 plano
1348 291 1470 347 aliquo
1488 296 1638 335 EFHG
1657 295 1826 343 secentur,
1847 310 1946 337 com·

493 377 620 404 munes
644 373 765 402 autem
787 359 944 415 ipsorum
967 359 1134 400 seftiones
1157 359 1226 400 sint
1247 362 1326 409 EF,
1347 364 1440 403 GH.
1496 363 1593 403 Dico
1618 366 1685 404 EF
1707 365 1770 418 ips1
1789 367 1869 406 GH
1888 379 1950 420 pa-

495 429 657 472 rallelam
675 428 755 470 effe.

565 501 603 540 Si
627 500 725 538 enim
749 513 826 538 non
850 499 898 537 est
921 495 1104 551 parallela,
1129 497 1324 552 productae
1349 500 1429 547 EF,
1455 500 1536 538 GH
1560 499 1651 539 inter
1674 497 1709 540 se
1731 502 1952 550 convenient,

495 568 552 609 vel
577 568 623 608 ad
648 580 763 623 partes
788 570 873 616 FH,
897 565 954 606 vel
982 567 1027 606 ad
1052 578 1167 621 partes
1187 569 1274 607 EG.
1328 568 1570 621 producantur
1587 569 1694 622 prius,
1715 580 1754 609 ut
1777 569 1823 609 ad
1841 582 1954 623 partes

497 639 584 686 FH,
608 649 645 678 et
662 638 879 678 conveniant
897 638 934 675 in
954 637 1004 675 K.
1041 636 1212 688 quoniam
1233 636 1337 689 igitur
1655 654 1696 689 K

496 709 606 748 EFK
625 707 674 747 est
693 707 730 746 in
748 704 858 760 plano
876 706 957 753 AB,
983 716 1019 744 et
1041 705 1164 744 omnia
1189 718 1280 758 quae
1304 705 1341 744 in

496 777 605 816 EFK
632 774 818 816 sumuntur
841 777 972 828 punfta
1003 774 1042 813 in
1072 773 1203 812 eodem
1227 771 1340 825 plano
1523 695 1789 852 Fsk

497 856 602 885 erunt
611 863 621 892 ;
656 859 773 884 unum
791 854 909 883 autem
928 846 1141 896 punctorum
1155 856 1247 894 quae
1261 840 1342 881 sunt
1452 833 1457 999 Ι
1549 844 1621 886 “Χ
1633 865 1671 907 B
1883 868 1926 910 D

497 915 535 953 in
556 915 663 953 EFK
691 913 740 952 est
766 910 878 965 ipsum
903 913 941 950 K
958 914 1155 964 punctum3
1191 924 1277 963 ergo
1300 911 1338 949 K
1685 856 1690 1004 Ι

498 983 547 1022 est
570 982 609 1021 in
633 980 744 1034 plano
762 981 844 1019 AB.
883 979 1009 1018 eadem
1028 979 1167 1017 ratione
1185 990 1221 1018 et
1235 980 1274 1017 K
1292 979 1341 1018 est
1411 994 1458 1035 A
1641 994 1677 1033 C
1829 1031 1831 1033 ι

497 1052 535 1090 in
554 1051 627 1089 CD
648 1048 773 1102 plano.
824 1062 913 1102 ergo
936 1046 1040 1101 plana
1060 1049 1139 1094 AB,
1165 1048 1237 1086 CD
1255 1061 1339 1101 pro·
1500 1047 1532 1082 E
1783 1068 1826 1109 G

498 1119 601 1158 due‘ta
625 1119 716 1157 inter
741 1116 774 1157 se
799 1117 1030 1163 convenient;
1066 1130 1143 1155 non
1168 1118 1337 1156 conveni-

498 1199 564 1227 unt
583 1199 715 1234 autem,
733 1201 817 1226 cum
835 1184 1002 1240 parallela
1024 1197 1218 1239 ponantur.
1269 1200 1347 1226 non
1371 1185 1475 1240 igitur
1500 1188 1580 1235 EF,
1601 1188 1681 1228 GH
1708 1191 1821 1228 redae
1845 1188 1960 1232 lineae

499 1257 693 1310 productae
711 1256 926 1295 convenient
943 1254 988 1293 ad
1006 1266 1119 1308 partes
1126 1256 1211 1294 FH.
1243 1254 1401 1296 suniliter
1414 1255 1733 1297 demonstrabimus
1750 1272 1871 1312 neque
1884 1274 1960 1300 rec-

499 1337 551 1364 tas
575 1327 656 1372 EF,
681 1327 763 1364 GH
787 1325 832 1363 ad
856 1335 971 1377 partes
995 1325 1071 1362 EG
1095 1324 1298 1372 convenire,
1321 1324 1348 1363 fi
1366 1324 1619 1377 producantur.
1659 1340 1750 1379 quae
1768 1338 1897 1377 autem,
1920 1329 1959 1369 in

499 1393 631 1432 eodem
653 1391 776 1446 plano,
812 1392 1006 1446 productae
1041 1404 1167 1431 neutra
1201 1406 1245 1431 ex
1281 1405 1380 1445 parte
1410 1393 1627 1433 conveniunt
1650 1393 1845 1447 parallelae
1867 1396 1957 1437 sunt.

496 1463 599 1516 Ergo
623 1462 692 1500 EF
716 1460 779 1514 ipfi
803 1463 884 1500 GH
910 1461 959 1499 est
981 1458 1155 1514 parallela.
1205 1461 1242 1500 Si
1265 1461 1369 1515 igitur
1387 1461 1462 1500 duo
1485 1460 1593 1515 plana
1616 1461 1689 1502 ἃς.
1737 1465 1797 1517 Q
1813 1466 1860 1504 E.
1886 1467 1941 1505 D.

904 1573 1075 1611 PROP.
1113 1573 1237 1611 XVII.
1311 1572 1547 1612 THEOR.

498 1660 581 1753 SI
618 1660 734 1707 duae
768 1661 911 1706 reetae
940 1658 1084 1705 lineae
1110 1675 1135 1705 a
1159 1658 1378 1721 parallelis
1402 1659 1605 1710 secentur
1627 1659 1786 1724 planis,
1821 1661 1870 1710 in
1888 1679 1957 1712 ea-

601 1730 707 1777 dem
732 1729 906 1776 ratione
930 1728 1209 1777 secabuntur.

570 1876 677 1913 Duae
694 1874 792 1913 enim
811 1876 926 1912 rectae
950 1871 1063 1912 lineae
1086 1873 1167 1920 AB,
1191 1874 1266 1913 CD
1286 1887 1305 1911 a
1328 1870 1503 1924 parallelis
1526 1870 1638 1926 planis
1658 1874 1750 1921 GH,
1769 1875 1853 1922 KL,
1871 1876 1960 1915 MN

501 1940 660 1982 secentur
691 1944 729 1982 in
759 1943 895 1996 punctis
925 1944 976 1989 A,
1002 1943 1048 1989 Ε,
1073 1941 1122 1987 B;
1159 1943 1202 1990 C,
1227 1944 1271 1990 F,
1298 1943 1349 1980 D.
1403 1941 1501 1980 Dico
1524 1953 1563 1980 ut
1586 1944 1659 1981 ΑΕ
1683 1945 1775 1982 reeta
1797 1942 1890 1983 linea
1913 1943 1958 1983 ad

498 2009 608 2064 ipsam
630 2014 707 2060 ΕΒ,
731 2012 778 2051 ita
803 2009 872 2050 effe
890 2012 955 2050 CF
979 2009 1025 2049 ad
1048 2012 1135 2049 FD.

569 2081 771 2133 Jungantur
790 2081 888 2120 enim
906 2081 991 2127 AC,
1009 2081 1094 2127 BD,
1112 2081 1202 2127 AD,
1222 2090 1257 2119 et
1275 2089 1434 2118 occurrat
1451 2080 1531 2119 AD
1547 2077 1658 2133 plano
1677 2081 1750 2119 KL
1768 2080 1805 2119 in
1823 2083 1958 2132 puncto

500 2148 557 2193 X;
592 2159 627 2186 ct
651 2150 733 2195 EX,
758 2150 826 2187 XF
847 2150 1051 2202 jtmgantur.
1106 2149 1291 2203 Q1oniam
1316 2148 1420 2201 igitur
1443 2148 1518 2187 duo
1547 2147 1653 2201 plana
1682 2146 1847 2201 parallela
1871 2150 1956 2197 KL,

496 2217 584 2256 MN
609 2231 629 2256 a
652 2215 762 2271 plano
787 2218 933 2256 EBDX
957 2215 1130 2267 secantur,
1172 2231 1382 2257 communes
1406 2215 1565 2270 ipsorum
1587 2215 1753 2256 seffiones
1777 2217 1860 2263 EX,
1884 2218 1956 2256 BD

1773 2282 1956 2338 parallelae
