2111 2755
328 199 615 250 LIBER
671 193 1334 248 DUODECIMUS.

119 306 161 335 er
176 292 245 333 {int
267 306 358 346 quae
380 290 482 344 super
504 289 622 330 circuli
640 289 826 343 segmentis
852 291 939 337 ΑΕ,
962 291 1039 336 ΕΒ,
1062 291 1138 336 BF,
1166 291 1243 337 FC,
1261 291 1346 338 CG,
1364 291 1457 340 GD,
1475 292 1568 340 DH,

118 364 210 403 HA.
253 359 389 413 reliqua
407 360 509 413 igitur
532 359 688 412 pyramis
711 358 808 411 cujus
833 356 921 396 bafis
943 360 1248 405 AEBFCGDH,
1272 370 1308 397 et
1331 371 1450 399 vertex
1472 359 1567 400 idem

122 431 181 483 qui
204 430 298 476 coni,
322 429 437 482 major
461 428 509 467 cst
528 441 638 480 quam
663 427 762 465 tertia
786 424 937 477 cylindri
960 441 1049 479 pars.
1093 426 1150 466 sed
1174 428 1330 480 pyramis
1353 428 1453 482 cujus
1477 427 1567 469 bafis

119 498 340 552 polygonum
365 497 668 541 AEBFCGDH,
692 506 810 532 vertex
834 507 953 533 autem
977 495 1072 533 idem
1091 496 1151 548 qui
1175 496 1269 543 coni,
1293 497 1392 535 tertia
1415 510 1494 549 pars
1517 498 1566 536 est

121 565 287 620 prismatis
306 566 403 619 cujus
427 564 515 604 bafi‘s
534 562 758 617 polygonum
787 564 1091 609 AEBFCGDH,
1122 563 1272 603 altitudo
1296 576 1417 604 autem
1440 564 1567 605 eadem

120 649 210 688 quac
234 632 396 687 cylindris.
443 630 570 686 prisma
593 631 699 685 igitur
721 631 820 684 cujus
844 629 932 668 basis
955 632 1246 670 AEBFCGDH
1271 631 1509 686 polygonum,
1533 646 1568 672 et

123 702 271 741 altitudo
293 702 417 741 eadem
437 715 528 753 quae
551 699 714 751 cylindri,
737 699 850 750 majus
869 699 916 736 est
939 696 1102 749 cylindro
1119 700 1216 752 cujus
1240 698 1328 738 basis
1351 701 1400 739 est
1416 700 1568 740 circulus

125 773 279 810 ABCD.
327 768 383 807 sed
407 781 441 806 et
464 768 592 813 minus,
616 765 661 804 ab
685 764 758 818 ipso
782 766 878 802 enim
903 766 1217 818 comprehenditur
1224 785 1234 814 ς
1271 768 1368 820 quod
1391 769 1467 807 fieri
1490 783 1567 808 non

121 839 244 891 potest.
281 850 357 875 non
380 836 486 889 igitur
504 833 687 885 cylindrus
711 834 828 871 minor
845 834 892 872 est
911 848 1020 885 quam
1039 833 1164 886 triplus
1181 836 1274 873 coni.
1312 835 1487 875 ostensum
1506 851 1569 876 au-

123 918 195 945 tern
218 906 265 944 est
289 919 405 956 neque
429 904 604 957 majorem
629 900 696 940 esse
721 915 828 953 quam
854 900 1008 953 triplum.
1044 916 1130 955 ergo
1148 900 1328 954 cylindrus
1347 905 1428 942 coni
1446 903 1567 957 triplus

124 975 189 1021 est;
225 988 264 1012 ac
285 984 465 1026 propterea
489 985 599 1009 conus
624 970 722 1009 tertia
746 983 825 1022 pars
848 968 1008 1022 cylindri.
1053 971 1184 1008 Omnis
1206 971 1310 1024 igitur
1333 985 1444 1011 conus
1468 972 1567 1011 tertitz

122 1057 199 1095 pars
223 1043 271 1080 est
295 1040 368 1079 ἃς.
417 1041 539 1092 QE.
567 1041 618 1077 Dr.

549 1149 719 1188 PROP.
757 1149 824 1187 XI.
897 1148 1128 1188 THEOR.

126 1237 356 1340 CONI
387 1250 434 1282 et
458 1234 644 1298 cylindri
667 1234 745 1295 qui
769 1234 959 1281 eandem
982 1234 1150 1281 habent
1174 1234 1476 1293 altitudinem,
1503 1236 1568 1283 in-

263 1322 330 1354 ter
353 1305 395 1350 se
418 1304 520 1350 sunt
545 1317 597 1349 ut
619 1302 751 1348 bases.

193 1450 271 1488 Sint
304 1448 342 1485 in
377 1446 502 1484 eadem
539 1442 720 1482 altitudine
754 1444 836 1482 coni
872 1455 907 1482 et
941 1442 1103 1495 cylindri,
1134 1458 1291 1496 quorum
1323 1442 1419 1483 bases
1449 1445 1570 1485 circuli

126 1519 277 1563 ABCD,
304 1515 465 1566 EFGH,
492 1527 572 1550 axes
596 1523 713 1550 autem
742 1513 825 1555 KL,
843 1513 942 1557 MN,
969 1524 1002 1549 et
1027 1512 1185 1550 diametri
1211 1510 1347 1550 basium
1372 1515 1453 1559 AC,
1479 1516 1567 1553 EG.

126 1586 223 1625 Dico
246 1595 285 1622 ut
311 1583 452 1622 ABCD
476 1578 623 1618 circulus
648 1579 692 1618 ad
718 1578 887 1617 circulum
912 1581 1071 1627 EFGH,
1101 1580 1149 1618 ita
1173 1578 1240 1618 effe
1263 1594 1399 1619 conum
1426 1583 1499 1620 AL
1524 1582 1570 1621 ad

128 1667 260 1692 conum
285 1653 368 1689 EN.

195 1721 230 1759 Si
254 1719 350 1758 enim
375 1731 449 1756 non
474 1716 519 1753 ita
544 1714 595 1761 fit,
621 1715 683 1753 erit
707 1726 744 1753 ut
762 1717 903 1754 ABCD
927 1714 1074 1754 circulus
1092 1715 1135 1754 ad
1154 1714 1323 1754 circulum
1342 1717 1502 1761 EFGH„
1521 1718 1568 1757 ita

126 1803 237 1831 conus
267 1789 338 1827 AL
370 1785 414 1824 ad
444 1783 588 1836 aliquod
618 1781 769 1822 solidum
799 1784 918 1822 minus
948 1799 1043 1823 cono
1070 1787 1155 1831 EN,
1187 1783 1240 1822 vel
1270 1784 1314 1823 ad
1345 1785 1467 1838 majus.
1527 1786 1569 1825 fit

128 1859 244 1913 primo
267 1855 311 1894 ad
335 1855 452 1893 minus
475 1852 573 1904 quod
593 1850 634 1889 fit
652 1854 706 1897 X;
743 1864 777 1890 et
796 1866 869 1904 quo
887 1853 1004 1891 minus
1029 1854 1076 1891 est
1099 1851 1247 1891 solidum
1267 1854 1302 1890 X
1321 1867 1416 1892 cono
1434 1856 1519 1901 EN,
1538 1855 1572 1893 ei

129 1924 274 1978 aequale
293 1924 334 1962 fit
354 1924 387 1960 Z
407 1921 576 1966 solidum;
611 1935 723 1959 conus
747 1921 848 1973 igitur
872 1923 945 1959 EN
971 1921 1049 1974 ipsis
1073 1919 1187 1959 solidis
1207 1923 1252 1968 X,
1279 1923 1312 1959 Z
1337 1923 1384 1960 cst
1403 1922 1567 1975 aequalis.

130 1993 341 2035 describatur
371 1992 408 2029 in
438 1991 586 2028 EFGH
619 1988 750 2027 circulo
781 1989 989 2041 quadratum
1022 1992 1169 2028 EFGH
1186 2008 1194 2035 ;
1230 1991 1343 2043 majus
1376 1991 1478 2043 igitur
1503 1992 1568 2030 erit

130 2062 338 2117 quadratum
364 2058 511 2097 dimidio
534 2055 666 2095 circuli.
706 2057 856 2110 erigatur
875 2072 891 2095 a
913 2058 1089 2110 quadrato
1108 2061 1257 2098 EFGH
1283 2059 1435 2111 pyramiS
1459 2073 1569 2112 aeque

132 2131 202 2171 alta
226 2128 346 2168 cono*
358 2146 366 2174 ;
402 2126 553 2180 pyramis
577 2125 679 2178 igitur
703 2129 812 2163 ercfta
837 2127 951 2179 major
975 2127 1021 2165 est
1040 2127 1122 2165 coni
1142 2127 1300 2166 dimidio.
1339 2142 1422 2167 nam
1438 2127 1568 2166 ficirca

173 2220 195 2235 *¹
203 2217 307 2250 Potius,
325 2216 438 2245 eundem
451 2223 531 2252 quem
548 2222 631 2242 conus
647 2214 776 2243 verticem
788 2212 900 2249 habens,
913 2222 941 2243 et
952 2212 986 2243 fic
998 2215 1025 2243 in
1037 2213 1209 2252 sequentibus
1226 2214 1392 2254 quibusdam.

1404 2260 1571 2301 circulum

1695 210 1786 263 311
