2111 2755
236 196 336 265 366

920 191 1458 242 NOTAE.

458 305 552 347 quae
559 289 706 344 quidem
713 285 978 341 Propofitiones
991 284 1070 326 sunt
1077 285 1265 327 conversae
1282 299 1295 326 1
1307 292 1367 311 ‘¹¹³²
1380 298 1416 327 et
1432 281 1524 326 2dae.
1555 286 1649 329 hisce
1656 293 1919 346 autem,quint;*1

457 361 501 402 sc.
528 372 563 399 et
586 357 691 404 sexta,
729 355 829 397 nulla
847 355 1051 410 Propofitio
1074 355 1179 411 hujus
1201 355 1316 406 Libri,
1347 368 1386 396 ut
1409 371 1493 396 eum
1517 371 1614 398 nunc
1637 359 1823 410 habemus,
1854 363 1922 401 uti·

459 442 518 469 tur
527 446 538 476 3
573 441 692 481 neque
723 424 785 466 ulli
808 427 846 466 in
872 425 1071 466 Elementis
1096 438 1348 480 praeterquam
1371 426 1455 466 huic
1489 426 1598 465 18vae
1626 427 1730 467 utiles
1753 429 1820 470 esse
1845 431 1923 485 pos-

458 496 552 539 sunt.
606 508 642 536 et
665 496 736 536 hoc
755 496 901 549 quidem
918 506 1058 535 certum
1077 496 1125 535 est
1144 495 1314 535 indicium
1334 494 1473 536 easdem
1493 495 1538 535 ab
1557 495 1707 536 Euclide
1725 498 1762 537 in
1780 497 1837 539 sua
1856 501 1923 541 hu-

454 568 514 623 jus
547 580 560 605 1
579 565 658 604 gvae
677 565 982 605 demonstratione
1000 564 1176 605 adhibitas
1194 563 1309 614 fuisse,
1324 580 1475 617 eamque
1489 580 1596 619 quam
1609 565 1803 619 posuimus,
1817 584 1923 622 quae-

460 650 543 690 que,
566 647 606 675 ut
630 635 706 674 fieri
729 634 865 681 debuit,
891 633 1056 674 conversa
1080 635 1128 673 est
1153 634 1464 674 demonstrationis
1491 640 1621 685 17¹¹¹²⁶,
1648 635 1694 675 ab
1718 652 1759 676 ea
1780 639 1925 680 Eudoxi

459 703 516 744 vel
535 702 697 745 Euclidis
716 703 813 743 haud
833 703 985 742 differre.
1027 701 1114 742 nulli
1133 704 1231 743 enim
1245 701 1319 742 usui
1338 702 1540 743 inservirent
1557 707 1612 752 5ῑῖι
1630 716 1666 744 et
1688 704 1745 743 6ῒὲι
1763 705 1789 745 fi
1809 707 1846 746 in
1865 708 1925 748 de-

459 772 778 814 monstrationibus
802 773 885 813 Lib.
910 785 947 822 5.
968 771 1147 812 adhibitae
1164 787 1242 812 non
1261 771 1384 821 essent,
1406 784 1446 812 ut
1466 771 1622 827 reliquae
1641 774 1687 814 de
1706 789 1817 829 aeque
1835 775 1928 817 mul·

462 842 640 897 tiplicibus
663 842 927 896 Propofitiones
951 856 1079 881 omnes
1099 841 1280 881 adhibitae
1304 840 1396 881 sunt.

531 913 782 965 Hieronymus
806 911 1013 951 Saccherius
1045 925 1200 950 naevum
1232 910 1330 950 hunc
1363 909 1471 950 inesse
1495 910 1790 953 demonstrationi
1821 914 1928 969 hujus

471 995 486 1022 1
502 981 582 1021 gvae
605 980 765 1035 agnoscit
787 981 825 1019 in
850 979 966 1019 Libro
989 978 1051 1019 suo
1075 981 1131 1019 cui
1154 978 1298 1019 Titulus
1323 978 1491 1020 Euclides
1517 979 1563 1020 ab
1587 982 1689 1021 omni
1713 995 1827 1022 naevo
1850 985 1926 1024 vin-

457 1052 611 1098 dicatus,
634 1048 840 1089 Mediolani
864 1063 963 1090 anno
996 1062 1009 1088 1
1025 1061 1082 1101 73
1099 1062 1137 1099 3,
1162 1048 1343 1103 impresso.
1391 1062 1433 1090 ut
1455 1064 1540 1089 vero
1563 1064 1714 1090 naevum
1737 1051 1835 1093 hunc
1860 1052 1928 1094 tol-

458 1118 521 1168 lat,
552 1131 588 1159 et
612 1118 870 1159 demonstratio
903 1132 916 1158 1
935 1118 1014 1158 ΞΜ
1037 1133 1147 1173 quam
1171 1134 1269 1159 nunc
1292 1118 1466 1159 habemus
1488 1117 1645 1174 legitima
1667 1120 1843 1170 reddatur,
1869 1123 1930 1162 de-

456 1190 659 1229 monstrare
681 1200 831 1229 conatur
849 1187 1053 1242 sequentem
1082 1188 1371 1243 Propofitionem
1402 1189 1440 1229 in
1469 1204 1550 1244 pag.
1583 1202 1597 1228 1
1618 1202 1680 1239 15.
1702 1189 1804 1230 Libri
1826 1206 1928 1245 prae-

460 1258 556 1307 dic‘ti,
581 1259 649 1298 viz.

528 1332 551 1351 “
576 1329 656 1368 Sint
685 1339 837 1380 quatuor
867 1327 1130 1381 magnitudines
1161 1329 1212 1376 A,
1237 1330 1280 1374 B,
1309 1329 1353 1376 C,
1379 1330 1419 1367 D
1443 1342 1593 1380 quarum
1618 1327 1709 1368 duae
1731 1329 1866 1383 priores
1889 1331 1927 1371 in

459 1399 483 1420 “
508 1394 572 1435 suo
596 1396 743 1450 proprio
766 1410 908 1449 genere,
928 1411 968 1435 ac
992 1395 1148 1436 similiter
1171 1397 1380 1450 posteriores
1403 1396 1459 1436 vel
1478 1397 1515 1436 in
1540 1396 1670 1436 eodem
1694 1412 1778 1438 cum
1801 1399 1926 1452 priori-

459 1469 483 1488 “
509 1462 574 1504 bus
597 1478 740 1518 genere,
763 1463 817 1503 vel
841 1466 879 1503 in
903 1464 975 1504 alio
999 1465 1160 1517 quodam
1185 1464 1247 1505 suo
1271 1466 1416 1518 proprio
1439 1481 1570 1519 genere
1588 1465 1791 1506 Conslstant.
1828 1469 1927 1509 Dico

462 1537 485 1557 ‘⁶
509 1534 688 1573 rationem
712 1533 833 1572 tertiae
857 1534 889 1572 C
914 1533 960 1572 ad
985 1544 1146 1586 quartam
1172 1536 1212 1572 D
1234 1533 1290 1572 vel
1322 1533 1509 1587 aequalem
1534 1533 1625 1582 fore,
1660 1534 1715 1575 vel
1738 1537 1926 1591 majorem,

457 1606 483 1626 “
507 1601 564 1642 vel
588 1603 768 1642 minorem
794 1603 931 1641 ratione
955 1602 1091 1656 primae
1118 1605 1157 1642 A
1183 1602 1228 1642 ad
1251 1601 1442 1643 secundam
1464 1603 1528 1642 B.”
1588 1604 1672 1644 Post
1696 1604 1783 1645 duas
1808 1617 1926 1647 autem

455 1671 735 1726 Propositiones,
763 1683 935 1726 tanquam
954 1673 1156 1719 Lemmata,
1175 1670 1379 1725 praemissas
1397 1673 1445 1712 ita
1464 1673 1635 1726 procedit.

530 1746 555 1764 ‘⁶
581 1740 654 1785 Vel
678 1741 770 1781 inter
796 1740 976 1794 poffibiles
1001 1756 1112 1795 aeque
1135 1740 1347 1794 multiplices
1372 1743 1509 1793 primae
1536 1745 1587 1791 A,
1612 1754 1647 1782 et
1671 1744 1792 1784 tertiae
1815 1746 1859 1793 C,
1883 1761 1924 1786 ac

461 1815 484 1834 ‘⁶
507 1808 614 1850 simul
637 1812 729 1850 inter
760 1808 940 1864 possibiles
971 1825 1084 1864 aeque
1109 1809 1326 1863 multiplices
1356 1810 1530 1851 secundae
1553 1814 1597 1859 B,
1634 1824 1669 1852 et
1699 1826 1846 1867 quartae
1871 1818 1924 1865 D,

459 1884 482 1903 “
508 1896 580 1920 una
604 1881 793 1934 quaepiam
817 1881 988 1933 reperitur
1008 1882 1076 1919 EF
1099 1879 1288 1932 multiplex
1307 1881 1444 1934 primae
1461 1883 1509 1929 A,
1535 1893 1570 1920 et
1589 1884 1646 1921 IK
1669 1881 1858 1936 multiplex
1875 1883 1926 1924 se-

464 1954 487 1972 “
513 1950 652 1989 eundae
674 1951 706 1989 B
729 1951 878 1989 invicem
904 1948 1086 2003 aequale85
1122 1965 1163 1989 ae
1188 1949 1291 1989 simul
1315 1948 1372 2003 (in
1390 1950 1519 1989 eodem
1540 1948 1636 2006 casu)
1655 1966 1727 1990 una
1746 1953 1923 2005 quaedam

460 2022 484 2041 “
509 2021 590 2058 GH
615 2017 807 2072 multiplex
826 2020 948 2059 tertiae
966 2021 997 2058 C
1023 2018 1175 2072 aequalis
1199 2018 1263 2072 ipsl
1288 2021 1369 2058 LM
1392 2018 1581 2072 multiplici
1602 2033 1748 2073 quartae
1768 2023 1819 2061 D.
1868 2022 1924 2063 vel

462 2091 485 2110 “
511 2086 684 2141 nusquam
704 2087 781 2127 talis
800 2087 992 2142 aequalitas
1012 2089 1195 2140 reperitur.
1233 2088 1259 2128 fi
1281 2089 1447 2140 primum,
1468 2091 1604 2128 constat
1619 2105 1662 2129 ex
1680 2091 1758 2148 jam
1771 2091 1922 2131 demon-

462 2160 485 2180 “
510 2157 618 2196 stratis
641 2157 690 2196 ita
710 2155 788 2196 fore
806 2161 844 2198 A
870 2159 914 2197 ad
935 2160 975 2206 B,
1001 2170 1041 2197 ut
1066 2161 1097 2198 C
1118 2159 1163 2198 ad
1189 2160 1240 2198 D.
1278 2157 1330 2197 fin
1345 2173 1429 2197 vero
1448 2157 1620 2212 nusquam
1641 2161 1812 2212 reperitur
1831 2159 1919 2214 ejus·

460 2230 484 2250 “
509 2227 611 2267 modi
642 2225 746 2266 simul
776 2242 820 2266 ex
851 2239 1000 2281 utraque
1030 2240 1131 2281 parte
1161 2227 1352 2282 aequalitas
1360 2246 1371 2276 ;
1406 2227 1460 2268 vel
1490 2227 1611 2268 saltem
1643 2229 1688 2269 ad
1718 2227 1920 2269 alterutram

1737 2302 1758 2320 “
1784 2311 1923 2351 partem
