2111 2755
237 211 336 282 364

905 201 1446 252 NOTAE.

459 303 526 349 nis,
566 296 664 352 ’γύψ
694 295 739 337 sc.
771 293 855 336 Lib.
895 307 932 345 5.
971 293 1156 335 conclufio
1188 294 1347 337 decimae
1378 292 1528 334 breviter
1566 307 1602 336 et
1638 296 1766 340 direfte
1803 300 1920 341 osten=

461 372 580 411 datur.

530 436 733 492 Propositio
758 446 876 476 autem
900 434 1076 488 praedicta
1100 448 1170 487 ope
1194 433 1353 473 decimae
1376 432 1424 473 ita
1447 433 1654 476 ostenditur.
1712 436 1858 478 Habeat
1884 439 1924 478 A

461 510 507 550 ad
530 512 575 556 C,
610 508 789 561 majorem
824 505 1003 544 rationem
1028 518 1137 558 quam
1162 505 1192 542 B
1217 503 1262 542 ad
1286 504 1329 551 C,
1366 502 1393 542 fi
1417 501 1569 556 ipsarum
1592 507 1642 556 A,
1678 508 1709 546 B
1745 505 1926 548 sumantur

464 593 575 630 aeque
614 573 823 629 multiplices
859 573 1048 627 quaedam,
1093 585 1128 613 et
1157 571 1262 626 ipsius
1292 574 1325 612 C
1357 572 1535 626 quaedam

466 719 511 766 C,
542 717 610 757 erit
633 727 668 756 et
691 712 881 768 multiplex
904 715 942 753 A
965 713 1081 767 major
1105 711 1234 752 eadem
1258 710 1363 765 ipsius
1387 712 1420 751 C
1443 709 1536 751 mul-
1694 633 1701 765 l

463 785 585 842 tiplici.
1582 777 1624 815 A
1678 772 1711 808 (ἶ
1765 771 1798 807 Β

532 857 613 896 Sint
635 855 733 894 enim
752 851 908 908 ipsarum
930 854 981 900 A,
999 853 1030 891 B
1050 865 1162 905 aeque
1184 847 1396 903 multiplices
1416 851 1468 896 D,
1488 850 1538 897 E,
1588 835 1626 869 D
1687 830 1721 866 F
1762 827 1799 867 Ε

465 938 501 967 et
523 925 629 980 ipfius
652 927 684 965 C
708 921 895 976 multiplex
918 924 962 969 F,
985 922 1032 960 ita
1056 931 1097 959 ut
1121 922 1156 959 E
1175 917 1362 972 multiplex
1385 917 1489 971 ipsius
1506 919 1537 958 B

465 996 583 1050 major
618 994 660 1034 fit
695 995 751 1041 Ἐς
787 993 852 1031 erit
887 1002 922 1031 et
951 992 994 1030 D
1028 987 1213 1044 multiplex
1247 987 1353 1042 ipsius
1386 989 1427 1028 A
1463 1001 1540 1028 ma-

462 1066 522 1119 jor
546 1067 588 1103 F.

536 1133 727 1190 Qoniam
751 1132 849 1171 enim
876 1133 915 1172 A
940 1128 1051 1170 habet
1074 1129 1120 1170 ad
1145 1130 1189 1178 C,
1227 1129 1403 1184 majorem
1433 1128 1541 1168 ratio·

465 1217 552 1244 nem
577 1217 686 1256 quam
711 1203 741 1241 B
765 1202 811 1241 ad
836 1203 880 1249 C,
900 1201 964 1240 erit
981 1213 1044 1253 per
1071 1213 1084 1239 1
1102 1213 1141 1238 0.
1166 1210 1204 1249 5.
1229 1200 1268 1239 A
1287 1199 1404 1253 major
1427 1211 1538 1251 quam

464 645 660 701 multiplex,
685 645 798 698 fitque
816 642 1003 697 multiplex
1020 645 1051 683 B
1070 643 1185 697 major
1216 639 1402 696 multiplici
1431 641 1536 695 ipfius

1863 638 1897 802 l

1866 822 1906 865 F

466 1275 497 1313 B
507 1291 516 1321 3
556 1272 666 1327 igitur
690 1274 730 1311 D
753 1270 938 1325 multiplex
968 1270 1073 1323 ipsius
1101 1272 1140 1309 A
1172 1269 1287 1323 major
1318 1268 1383 1307 erit
1407 1268 1443 1307 E
1467 1280 1580 1320 aeque
1610 1260 1799 1316 multiplici
1828 1259 1936 1317 ipsius

467 1343 510 1382 B.
566 1342 614 1381 est
639 1352 757 1380 autem
781 1343 816 1380 E
840 1341 955 1394 major
978 1341 1010 1378 F
1019 1357 1029 1388 3
1065 1337 1183 1379 multo
1207 1338 1313 1393 igitur
1338 1339 1379 1377 D
1402 1336 1520 1391 major
1544 1336 1593 1375 est
1615 1334 1690 1388 ips-fa
1716 1335 1759 1372 F.
1820 1346 1823 1349 ·

898 1455 1074 1494 PROP.
1111 1454 1219 1493 XIII.
1291 1453 1403 1491 LIB.
1438 1451 1494 1490 V,

539 1550 584 1587 In
609 1545 826 1587 versionibus
850 1546 1121 1594 Commandini,
1146 1545 1279 1599 Briggii
1303 1555 1338 1583 et
1357 1543 1528 1597 Gregorii
1551 1539 1705 1581 habetur
1726 1540 1771 1580 ad
1794 1540 1941 1580 initium

471 1617 796 1665 demonstrationis,
821 1621 842 1639 “
857 1627 891 1655 et
914 1613 1101 1669 multiplex
1124 1614 1272 1668 quidem
1297 1615 1329 1654 C
1348 1611 1487 1666 superat
1505 1609 1741 1664 multiplicem
1760 1612 1818 1656 D;
1843 1608 1941 1649 mul-

469 1691 492 1710 “
518 1685 630 1740 tiplex
652 1701 736 1726 vero
760 1689 794 1725 E
819 1700 896 1725 non
927 1684 1066 1738 superat
1096 1682 1332 1738 multiplicem
1357 1683 1423 1722 F.⁷’
1479 1696 1572 1735 quae
1603 1680 1747 1733 quidem
1772 1693 1815 1718 cx
1839 1690 1937 1718 textu

473 1758 620 1796 Graeco
644 1756 689 1795 ad
713 1755 863 1795 verbum
889 1754 1058 1794 transsata
1081 1752 1171 1793 sunt.
1231 1751 1347 1792 sensus
1371 1764 1489 1792 autem
1513 1749 1582 1790 loci
1605 1747 1790 1788 manifeste
1820 1748 1938 1801 requi-

474 1826 517 1865 rit
541 1826 589 1865 ita
613 1825 785 1880 legantur,
822 1825 889 1864 viz.
918 1829 940 1847 ‘⁶
960 1836 1001 1864 ut
1024 1821 1213 1877 multiplex
1237 1822 1381 1875 quidem
1405 1823 1437 1861 C
1461 1819 1599 1874 superet
1621 1816 1855 1871 multiplicem
1880 1819 1920 1856 D
1929 1834 1939 1865 ;

474 1899 495 1917 “
521 1894 707 1948 multiplex
731 1909 815 1934 vero
839 1896 874 1933 E
899 1908 976 1933 non
1000 1892 1137 1946 superet
1160 1890 1396 1945 multiplicem
1421 1890 1485 1930 F.⁷’
1523 1901 1557 1928 ct
1581 1889 1652 1927 hoc
1675 1887 1789 1926 modo
1808 1886 1866 1925 hic
1885 1885 1943 1926 lo-

474 1980 534 2004 cus
560 1979 582 2003 ix
598 1969 650 2003 &e
676 1965 850 2004 restitutus
876 1962 944 2002 fuit
968 1964 1005 2002 in
1029 1963 1150 2016 primis
1176 1960 1392 2000 editionibus
1416 1959 1693 1999 Elementorum
1713 1971 1757 1995 ex
1779 1955 1939 1995 versione

475 2034 736 2073 Connnandini
761 2049 851 2087 quae
876 2033 1044 2072 Oxoniae
1075 2028 1242 2085 impreffa
1272 2028 1427 2070 fuerunt.
1493 2029 1531 2068 in
1562 2025 1813 2082 posterioribus
1843 2039 1940 2073 vero,

475 2100 597 2141 saltem
623 2104 706 2141 anni
742 2115 881 2154 1747,
909 2116 1006 2141 error
1030 2112 1144 2141 textus
1169 2100 1304 2140 Gracci
1323 2111 1476 2139 retentus
1500 2099 1560 2138 est.

547 2171 788 2211 Corollarium
822 2172 982 2211 additum
1013 2171 1062 2210 est
1092 2168 1333 2223 Propofitioni
1374 2182 1426 2218 13
1448 2164 1488 2192 ¹¹⁰
1519 2167 1617 2221 quod
1642 2162 1874 2205 necessarium
1897 2161 1940 2203 sit

474 2244 607 2296 Propp.
640 2253 661 2280 ς’.
676 2255 715 2292 o,
745 2253 767 2281 2
785 2255 820 2281 1.
846 2242 953 2296 hujus
977 2239 1089 2290 Libri,
1116 2252 1150 2280 et
1175 2254 1287 2294 aeque
1312 2226 1395 2279 utile
1419 2237 1463 2277 fit
1485 2252 1525 2277 ac
1548 2236 1619 2291 ipsa
1638 2232 1850 2287 Propofitio.

1622 2304 1793 2344 PROP.
1832 2303 1939 2344 XIV.
