2111 2755
298 195 386 261 108
686 199 1078 248 EUCLIDIS
1125 200 1790 257 ELEMENTORUM

580 287 650 326 Sed
674 289 785 326 DCA
808 301 885 326 non
910 286 1058 326 transeat
1081 303 1144 341 per
1168 302 1329 329 centrum
1354 291 1474 330 circuli
1497 295 1609 342 ABC,
1640 295 1864 350 sumaturque
1887 311 1971 336 cen-

376 352 406 381 d.
427 359 454 381 ¹·
471 360 501 391 3·
513 366 609 394 trum
629 351 645 378 d
666 357 712 403 E,
731 368 766 394 et
782 355 826 394 ad
839 357 910 394 AC
927 357 1221 408 perpendicularis
1240 359 1387 399 ducatur
1405 362 1471 399 EF
1481 365 1505 408 e,
1526 373 1561 400 et
1574 362 1770 417 jungantur
1789 368 1865 413 ΕΒ,
1886 368 1969 415 EC,

363 405 390 424 e.
408 403 608 470 12‘I'ED3
645 427 756 462 fastus
779 424 885 477 igitur
909 425 957 463 est
981 427 1048 464 EF
1051 428 1090 465 D
1116 426 1274 481 angulus.
1323 440 1357 468 et
1381 430 1553 482 quonlam
1573 434 1664 470 refta
1680 431 1773 473 linea
1792 435 1970 488 quaedam

513 494 581 530 EF
604 505 668 544 per
690 503 852 531 centrum
878 492 995 541 dusta,
1032 499 1163 535 reffham
1186 495 1313 536 lineam
1339 499 1408 537 AC
1445 512 1521 537 non
1558 499 1699 539 dues'tam
1724 516 1785 554 per
1808 515 1969 543 centrum

385 575 451 614 133,
469 584 497 614 3,
514 559 560 598 ad
584 563 698 599 Γεᾶὶοε
721 560 872 616 angulos
895 561 997 609 secat,
1022 576 1057 603 et
1082 563 1247 604 bifariam
1270 564 1378 618 ipsam
1403 561 1566 614 secabitf;
1602 567 1755 622 aequalis
1784 571 1889 623 igitur
1919 573 1968 611 est

512 630 583 669 AF
607 628 671 683 ipfi
694 631 770 669 FC.
830 642 865 669 et
889 632 1063 683 quoniam
1088 637 1179 672 resta
1202 632 1294 673 linea
1321 637 1394 674 AC
1419 633 1583 675 bifariam
1606 635 1695 676 sefta
1719 639 1768 677 est
1790 639 1828 678 in
1852 641 1896 687 F,
1919 652 1970 681 at-

512 712 583 750 que
605 698 669 751 ipfi
689 698 851 752 adjicitur
874 701 958 746 CD,
984 702 1047 740 erit
1071 702 1312 757 reflangulum
1336 702 1382 743 ab
1395 706 1488 751 AD,
1509 706 1583 744 DC
1603 720 1675 745 una
1694 722 1776 746 cum
1796 707 1971 760 quadrato

376 774 404 805 b.
422 773 452 805 6.
467 784 496 808 2.
511 780 556 806 ex
578 768 643 806 FC
669 767 818 819 aequale
842 767 1019 822 quadrato
1043 786 1086 810 ex
1108 773 1181 811 FD
1191 768 1218 811 ¹⁰.
1278 786 1470 811 commtme
1501 787 1699 826 apponatur
1723 790 1766 814 ex
1789 778 1821 814 F
1823 778 1858 814 E
1882 791 1971 829 qua-

512 834 663 884 dratum,
688 835 930 890 reffihmgulum
950 838 1053 891 igitur
1077 839 1122 879 ab
1141 843 1230 889 AD,
1256 843 1327 881 DC
1347 856 1418 880 una
1442 855 1527 881 cum
1545 843 1723 894 quadratis
1748 859 1791 884 ex
1808 846 1884 892 CF,
1904 847 1970 885 FE

510 904 561 944 est
584 903 731 959 aequale
755 906 935 959 quadratis
957 922 1002 946 ex
1026 911 1109 957 DF,
1133 911 1165 949 F
1167 912 1214 949 E.
1268 908 1326 949 sed
1350 909 1529 963 quadratis
1553 911 1700 966 quidem
1724 927 1768 953 ex
1793 915 1876 962 DF,
1901 914 1932 953 F
1934 914 1969 952 E

1266 985 1296 1019 Ι

506 1594 654 1649 aequale
677 1597 726 1635 est
753 1597 967 1650 quadratum
993 1612 1036 1638 ex
1056 1599 1146 1648 ΕΙ),
1178 1600 1311 1640 etenim
1336 1605 1446 1642 re6h1s
1471 1605 1520 1644 est
1543 1605 1690 1660 angulus
1712 1609 1820 1648 EFD
1833 1627 1843 1657 ;
1879 1624 1967 1663 qua*

504 1666 610 1704 dratis
633 1679 718 1704 vcro
741 1681 785 1705 cx
807 1668 884 1715 CF,
908 1670 977 1707 FE
1002 1667 1151 1720 aequale
1169 1671 1217 1708 est
1236 1672 1449 1724 quadratum
1469 1689 1512 1713 ex
1530 1677 1614 1722 EC;
1639 1677 1879 1731 reftangulum
1900 1679 1964 1733 igi-

500 1745 556 1772 tur
580 1733 625 1773 ab
649 1736 741 1781 AD,
778 1737 850 1775 DC
876 1751 946 1776 una
968 1752 1051 1776 cum
1076 1739 1251 1790 quadrato
1275 1755 1318 1779 ex
1342 1743 1410 1780 CE
1447 1744 1495 1781 est
1531 1743 1675 1796 aequale
1710 1747 1886 1797 quadrato
1921 1763 1965 1788 ex

501 1803 589 1841 ED.
640 1802 794 1855 aequalis
814 1817 933 1844 autem
958 1807 1007 1845 est
1031 1808 1097 1845 CE
1120 1807 1184 1859 ipfi
1208 1810 1284 1855 ΕΒ,
1309 1810 1552 1862 τεςῖεῐηὲυἰιῑη]
1576 1813 1681 1866 igitur
1704 1813 1749 1853 ab
1774 1818 1865 1862 AD,
1890 1819 1962 1856 DC

502 1885 575 1910 una
610 1886 693 1910 cum
731 1872 906 1924 quadrato
936 1889 979 1913 ex
1002 1876 1079 1922 ΕΒ,
1110 1875 1257 1928 aequale
1293 1879 1341 1915 est
1372 1893 1415 1916 ex
1440 1881 1520 1918 ED
1551 1881 1735 1933 quadrato.
1790 1882 1849 1923 sed
1873 1900 1961 1938 qua-

351 1954 375 1975 a.
392 1945 439 1974 18.
455 1954 483 1984 3.
502 1939 603 1978 drato
627 1955 671 1979 cx
690 1943 768 1979 ΕΙ)
793 1941 952 1995 aequalia
971 1941 1050 1982 sunt
1074 1945 1246 1996 quadrata
1270 1960 1313 1984 ex
1338 1948 1415 1994 ΕΒ,
1440 1949 1524 1995 BD,
1550 1949 1722 2001 fiquidem
1746 1955 1859 1991 refnls
1880 1959 1893 1976 ³
1912 1955 1961 1993 est

500 2008 647 2060 angulus
673 2012 799 2060 EED3
835 2026 920 2065 crgo
943 2011 1188 2066 reetangulum
1211 2013 1257 2052 ab
1288 2017 1378 2062 AD,
1411 2018 1482 2056 DC
1507 2032 1579 2056 una
1611 2034 1692 2057 cum
1717 2021 1890 2072 quadrato
1915 2036 1958 2061 ex
2038 2056 2042 2057 γ

497 2077 562 2114 ΕΒ
587 2077 734 2129 aequale
758 2080 806 2117 est
831 2080 1006 2131 quadratis
1031 2096 1074 2120 ex
1092 2084 1168 2129 ΕΒ,
1195 2084 1280 2121 BD.
1330 2098 1524 2124 commune
1542 2085 1723 2126 auferatur
1743 2089 1956 2140 quadratum

497 2158 540 2182 ex
563 2146 643 2193 ΕΒ,
667 2145 846 2197 reliquum
870 2149 979 2201 igitur
999 2149 1044 2188 ab
1064 2153 1155 2198 AD,
1181 2153 1253 2191 DC
1278 2151 1524 2206 reRangulum
1548 2155 1722 2207 quadrato
1747 2171 1790 2196 ex
1808 2160 1878 2197 DB
1898 2173 1957 2198 ae·
1981 2152 1984 2154 ⁵

498 2211 602 2266 quale
626 2214 700 2254 erit.
756 2214 781 2254 fi
807 2216 910 2269 igitur
934 2230 1030 2258 extra
1054 2218 1222 2261 circulum
1250 2221 1319 2261 &a
1371 2223 1429 2274 Q
1448 2224 1493 2262 E.
1519 2225 1570 2262 D.

1842 2297 1951 2337 COR.
