2111 2755
641 175 1175 228 NOTAE.

181 276 205 296 ‘¹
228 270 303 313 seos
326 270 541 311 detrimento
559 268 696 325 prorsus
715 270 833 310 omitti
851 266 1001 323 possent.
1038 267 1124 308 ficut
1142 268 1180 307 in
1194 265 1313 308 Elem.
1329 277 1372 318 7.
1386 264 1519 310 factum
1535 269 1632 312 vide-

181 344 204 364 “
227 354 318 386 mm,
342 338 404 380 ubi
427 353 661 380 numerorum
686 337 851 392 analogia
876 337 1041 377 definitur
1064 349 1099 376 et
1122 340 1364 390 pertranatur,
1386 336 1488 378 nulla
1510 349 1632 382 tamen

181 413 204 432 “
228 410 370 450 rationis
393 423 546 449 numero
564 408 796 461 competentis
820 406 977 446 exhibita
1003 406 1221 454 definitione,
1245 406 1406 460 quamvis
1427 405 1496 446 illic
1519 423 1632 460 aeque

178 481 202 501 “
227 477 416 519 necessaria
440 477 506 518 fuit
529 490 564 517 et
586 476 680 516 utilis
703 476 866 516 definitio
889 474 963 515 talis
987 486 1094 528 atque
1117 475 1175 514 hic
1200 475 1249 514 est
1262 492 1272 523 3
1307 474 1366 515 sed
1396 487 1525 515 neutro
1547 475 1631 517 loco

177 550 201 569 “
226 561 359 600 magna
383 545 451 586 fuit
469 545 659 586 necessitas,
702 548 921 598 quamquam
940 543 1038 582 haud
1056 543 1164 582 credo
1188 557 1263 582 rem
1288 542 1396 597 ipsam
1414 543 1506 584 adeo
1522 559 1632 598 gene-

178 619 202 638 “
226 616 335 655 ralcm
358 627 394 655 et
413 614 632 661 abstractam,
651 627 768 665 eoque
791 623 968 664 conceptu
988 611 1100 664 magis
1119 611 1267 650 arduam
1286 624 1321 650 et
1339 610 1523 665 explicatu,
1542 613 1631 653 defi-

179 689 202 706 “
228 685 370 723 nitionis
394 682 463 723 effe
485 696 652 735 capacem
671 680 926 719 commodioris
950 679 1021 718 heic
1039 693 1147 730 quam
1165 677 1417 719 Elementator
1435 681 1628 734 affignavit‚

177 757 202 776 ‘⁶
227 766 336 804 quam
360 752 440 791 ideo
460 750 569 789 visum
589 750 638 788 est
655 748 796 788 uberius
815 747 1008 800 explicare;
1044 761 1162 800 neque
1181 761 1258 787 non
1275 747 1321 787 ab
1339 751 1627 803 oppugnantium

176 824 202 844 “
224 819 446 872 captionibus
469 817 647 858 afferere.”
697 816 843 869 Qibus
867 815 1011 869 quidem
1034 813 1125 854 nihil
1150 815 1355 856 addendum
1379 817 1495 866 video,
1525 833 1630 871 prae-

175 903 341 942 terquam
360 888 458 942 quod
477 886 568 927 hisce
587 885 781 926 rationibus
801 886 845 924 de
863 884 1050 924 inutilitate
1073 884 1179 938 hujus
1198 897 1233 924 ct
1256 883 1428 939 sequentis
1457 886 1538 924 gvae
1551 889 1630 926 De-

175 958 347 1001 finitionis
370 955 554 1011 persuasus,
575 956 722 995 firmiter
741 954 884 999 credam
906 969 966 995 eas
988 968 1066 994 non
1080 952 1242 996 Euclidis
1264 952 1346 1002 effe.
1365 953 1424 996 sed
1447 953 1629 1009 cujusdam

172 1031 292 1070 minus
310 1027 413 1082 periti
431 1025 599 1066 Editoris.

648 1136 785 1176 DEF.
821 1135 889 1175 XI.
960 1137 1070 1175 LIB.
1107 1135 1155 1174 V.

241 1230 406 1272 Verbum
430 1235 456 1254 “
471 1229 659 1283 deinceps'’
691 1227 882 1269 necessario
901 1228 1107 1269 addendum
1131 1225 1200 1268 fuit
1223 1238 1305 1267 ante
1327 1224 1480 1267 verbum
1509 1231 1533 1251 “
1544 1241 1630 1282 pro-

176 1307 200 1328 “
225 1299 466 1356 portionales’'
499 1301 537 1340 in
560 1299 626 1338 hac
650 1298 877 1346 definitione;
912 1309 947 1338 et
970 1298 1018 1337 ita
1042 1297 1149 1337 citata
1172 1295 1326 1337 habetur
1348 1295 1387 1335 in
1415 1308 1437 1346 3
1451 1308 1492 1346 3.
1517 1298 1629 1350 Prop.

173 1370 258 1412 Lib.
292 1383 306 1409 1
327 1383 340 1409 1
353 1398 363 1409 .

241 1440 325 1480 Post
348 1437 442 1478 hanc
466 1435 729 1476 Definitionem
752 1434 923 1488 ponenda
947 1431 1028 1481 fuit,
1053 1444 1091 1474 ut
1108 1433 1146 1473 in
1164 1431 1249 1473 loco
1271 1432 1430 1486 propri0,
1450 1431 1631 1474 Definitio

176 1508 321 1549 rationis
343 1505 575 1559 compositae,
608 1506 708 1560 cujus
731 1503 857 1557 species
880 1502 959 1543 sunt
993 1503 1084 1542 ratio
1119 1500 1308 1556 duplicata,
1347 1499 1518 1553 triplicata
1553 1500 1629 1543 &c.

174 1591 268 1631 quae
291 1577 329 1616 in
352 1576 421 1615 hac
445 1586 480 1613 et
504 1573 736 1627 praecedente
759 1572 988 1612 definiuntur.
1043 1585 1124 1611 eam
1148 1581 1267 1610 autern
1291 1569 1410 1623 rejecit
1428 1568 1567 1609 Theon
1589 1569 1629 1611 in

176 1643 268 1685 Def.
288 1657 324 1694 5.
349 1642 432 1683 Lib.
462 1642 503 1682 6.
527 1642 588 1682 ubi
611 1642 755 1682 rationis
777 1640 996 1695 compositae
1008 1640 1272 1680 Definitionem
1294 1637 1453 1678 inutilem
1476 1638 1632 1678 omnino

176 1726 213 1754 et
233 1712 420 1753 absurdam
443 1712 558 1751 tradit.
600 1710 706 1750 aliam
730 1712 833 1765 igitur
856 1709 1010 1763 ejusdem
1034 1710 1123 1748 inter
1148 1706 1238 1748 Def.
1264 1720 1278 1747 1
1299 1720 1312 1747 1
1326 1736 1335 1746 .
1361 1718 1397 1746 et
1424 1718 1437 1745 1
1454 1718 1494 1745 2.
1513 1704 1631 1759 posui-

178 1797 270 1829 muS,
309 1796 428 1835 quam,
463 1779 537 1820 fine
560 1779 685 1829 dubio,
721 1779 818 1819 dedit
841 1776 1021 1825 Euclides,
1058 1777 1142 1817 citat
1172 1777 1268 1816 enirn
1305 1790 1385 1815 eam
1408 1773 1568 1828 explicite
1590 1775 1630 1815 in

175 1854 281 1904 Prop.
314 1863 337 1888 2
350 1863 389 1899 3.
416 1848 498 1889 Lib.
529 1848 569 1888 6.
596 1864 779 1902 quamque
803 1848 945 1887 tradunt
964 1846 1116 1894 Clavius,
1134 1845 1352 1899 Herigonius
1375 1856 1409 1883 et
1432 1844 1629 1892 Barrovius‚

178 1920 317 1960 retenta
349 1920 458 1959 etiam
481 1917 649 1959 Theonis
673 1917 908 1965 Definitione‚
943 1930 1054 1970 quam
1089 1929 1134 1957 ex
1156 1913 1359 1955 Elementis
1381 1910 1545 1954 sustulisse
1568 1911 1629 1953 de-

176 1987 343 2029 buerunt.

629 2079 765 2118 DEF.
802 2078 909 2116 XIII.
979 2077 1089 2116 LIB.
1125 2075 1174 2115 V.

247 2194 353 2235 Haec
382 2203 417 2232 et
447 2189 627 2247 sequentes
657 2189 893 2231 terminorum
917 2187 1156 2242 quorundam,
1192 2187 1254 2243 qui
1276 2188 1315 2228 in
1338 2185 1422 2228 Lib.
1450 2197 1488 2236 5.
1523 2197 1558 2224 et
1582 2183 1631 2225 se-

834 2259 872 2297 Y
896 2272 921 2312 y
960 2268 986 2298 2
1439 2253 1633 2310 quentibus

1763 192 1862 251 355
