2111 2755
227 214 293 266 50
620 190 1013 244 EUCLIDIS
1058 188 1727 242 ELEMENTORUM

301 291 514 338 g.41.1.BL
538 287 912 344 parallelogrammum
922 291 948 332 g,
974 284 1087 325 bafim
1111 287 1208 325 enim
1233 284 1387 324 eandem
1411 283 1547 324 habent
1563 288 1647 333 BD,
1669 298 1703 325 et
1723 287 1759 326 in
1780 283 1912 324 eisdem

452 358 532 399 sunt
554 355 726 411 parallelis
739 357 821 401 BD,
841 356 911 393 AL
921 371 930 401 3
957 353 1121 408 trianguli
1139 368 1223 393 vero
1242 355 1340 393 FBC
1360 352 1511 406 duplum
1530 355 1578 393 est
1597 357 1666 393 (ΞΒ
1686 355 1913 408 quadratum,

455 426 566 468 rursus
589 426 684 465 enim
708 423 822 462 baslm
845 422 981 462 habent
1005 424 1158 463 eandem
1182 425 1255 472 FB,
1280 435 1315 462 et
1337 423 1374 462 in
1399 421 1528 461 eisdem
1551 421 1629 462 sunt
1646 422 1818 476 parallelis
1838 424 1916 470 FB,

458 498 541 537 GC.
598 507 692 547 quae
716 504 836 532 autem
862 491 1067 546 aequalium
1099 493 1164 533 du·
1415 498 1459 536 G

292 577 323 606 h.
340 577 398 604 Ax.
413 571 442 602 6.
457 564 559 621 plicia
582 564 674 603 inter
697 561 730 602 se
754 561 914 615 aequalia
937 560 1053 601 sunth.
1108 577 1165 601 ae·
1233 603 1237 606 Δ

458 632 564 688 quale
587 633 694 686 igitur
717 633 765 671 est
789 629 1164 685 parallelogrammum

458 705 524 744 BL
555 701 618 755 ipsi
651 703 720 741 GB
751 700 939 754 quadratO.
1008 699 1165 740 similiter
1195 675 1232 721 F

452 772 585 827 junffis
615 772 702 817 AE,
733 772 803 809 ΒΚ
829 769 1034 809 ostendetur
1059 770 1165 810 etiam

457 843 535 881 CL
591 838 971 894 parallelogrammum
1015 838 1166 893 aequale

457 910 632 965 quadrato
647 910 734 948 HC.
773 920 891 947 totum
910 909 1013 962 igitur
1025 910 1166 948 BDEC

458 980 671 1034 quadratum
706 977 847 1017 duobus
878 977 1056 1030 quadratis
1083 979 1165 1025 GB,

457 1051 532 1089 HC
557 1048 606 1087 cst
624 1045 782 1100 aequale.
820 1059 853 1085 et
868 1045 1077 1100 descriptum
1091 1047 1168 1100 qui-

458 1118 543 1158 dem
567 1117 615 1156 est
636 1118 779 1155 BDEC
798 1116 1013 1169 quadratum
1034 1130 1053 1155 a
1074 1119 1168 1156 retia

458 1185 552 1227 linea
574 1187 650 1233 BC,
675 1185 849 1238 quadrata
874 1198 958 1224 vero
983 1187 1067 1232 GB,
1092 1187 1167 1225 HC

457 1255 503 1297 ab
528 1255 608 1310 ipfis
630 1257 711 1301 BA,
739 1256 824 1294 AC.
863 1253 1080 1307 quadratum
1105 1255 1169 1309 igi-

460 1337 514 1364 tur
537 1327 607 1363 BE
635 1338 655 1362 a
686 1322 792 1361 latere
817 1325 878 1361 BC
904 1321 1115 1376 descriptum
1146 1322 1296 1377 aequale
1330 1324 1378 1362 est
1409 1323 1587 1375 quadratis
1611 1338 1631 1362 a
1656 1322 1830 1374 lateribus,
1858 1327 1926 1365 BA

460 1395 542 1433 AC.
580 1394 682 1446 Ergo
706 1392 743 1430 in
768 1390 978 1445 refrangulis
1002 1391 1183 1446 triangulis
1204 1392 1276 1431 &a
1335 1393 1393 1442 Q
1411 1393 1457 1430 E.
1483 1393 1535 1431 D.

838 1504 1010 1543 PROP.
1048 1505 1227 1543 XLVIII.
1301 1504 1540 1544 THEOR.

465 1592 560 1695 SI
584 1592 859 1654 quadratum
884 1591 939 1637 ab
965 1608 1056 1637 uno
1079 1590 1273 1638 laterum
1295 1591 1523 1656 trianguli,
1545 1592 1730 1655 aequale
1749 1591 1803 1640 fit
1823 1611 1929 1657 qua-

576 1661 714 1707 dratis
743 1678 768 1706 a
791 1659 974 1722 reliquis
995 1659 1209 1724 trianguli
1228 1659 1441 1707 lateribus
1462 1661 1711 1724 descripti33
1738 1664 1929 1727 angulus

462 1730 644 1793 reliquis
670 1729 847 1777 duobus
872 1729 1088 1793 trianguli
1111 1729 1327 1777 lateribus
1356 1746 1597 1778 contentus
1622 1733 1764 1779 metus
1790 1733 1885 1780 erit.

533 1874 763 1930 Quadratum
788 1874 885 1913 enim
917 1872 962 1912 ab
986 1888 1063 1912 uno
1088 1872 1193 1913 latere
1218 1876 1282 1914 BC
1307 1873 1469 1928 trianguli
1495 1877 1594 1915 ΑΒΕ
1624 1874 1846 1929 descriptum,
1875 1891 1931 1917 ac-

466 1943 568 1997 quale
592 1943 633 1983 sit
658 1943 838 1996 quadratis
863 1957 882 1982 a
906 1942 1046 1996 reliquis
1066 1942 1231 1997 trianguli
1251 1943 1417 1983 lateribus
1430 1946 1509 1992 BA,
1523 1947 1604 1984 AC.
1656 1945 1736 1984 dico
1756 1945 1932 2001 angulum

466 2014 566 2052 BAC
592 2016 727 2052 reetum
753 2011 832 2051 effe.

316 2104 450 2128 a.11.1.
501 2084 667 2121 Ducatur
688 2088 702 2104 ³
725 2083 820 2121 enim
847 2096 867 2120 a
891 2084 1028 2134 puntslo
1056 2083 1094 2121 A
1120 2081 1182 2135 ipsi
1207 2084 1277 2122 AC
1303 2082 1347 2121 ad
1371 2087 1484 2122 reftos
1517 2082 1667 2136 angulos
1694 2086 1786 2131 AD,
1817 2098 1932 2136 pona-

316 2140 321 2145 *
466 2163 591 2205 turque
618 2153 699 2191 AD
723 2151 785 2204 ipfi
808 2153 878 2190 BA
902 2150 1067 2204 aequalis,
1087 2163 1121 2190 ct
1142 2153 1215 2192 DC
1235 2153 1419 2206 jungatur.
1459 2152 1647 2202 Quoniam
1672 2153 1774 2206 igitur
1789 2155 1865 2192 DA
1884 2155 1933 2193 est

464 2219 621 2276 aequalis
642 2222 724 2270 AB,
749 2221 815 2261 erit
840 2231 875 2260 et
897 2220 1112 2274 quadrattmt
1136 2236 1180 2263 ex
1204 2224 1287 2262 DA
1311 2220 1456 2276 aequale
1475 2221 1652 2276 quadrato
1666 2224 1807 2270 exAB5
1831 2237 1933 2262 com-

1821 2306 1932 2333 mune
