2111 2755
432 197 719 246 LIBER
777 195 1298 262 QUARTUS.v
1709 211 1800 259 117

126 292 269 348 quisque
293 295 340 333 est
364 295 400 334 in
424 293 604 347 segmento
634 289 848 331 semicirculo
872 291 1018 343 majore.
1074 288 1100 327 fi
1125 302 1242 328 autem
1265 290 1301 328 in
1327 302 1402 328 uno
1425 288 1573 328 laterum

127 363 229 402 fuerit
252 375 422 410 centrum,
442 361 591 414 angulus
609 361 663 400 cui
681 359 770 399 latus
789 359 860 398 hoc
879 357 1110 405 subtenditur,
1126 358 1162 396 in
1177 356 1394 397 semicirculo
1414 358 1571 405 existens,

127 434 235 471 rectus
259 432 333 470 crit.
377 444 411 470 et
435 430 460 469 si
485 443 580 468 extra
605 427 819 481 triangulum
845 427 1006 465 ceciderit
1029 438 1199 474 centrum,
1225 427 1269 465 ad
1294 438 1406 480 partes
1430 424 1574 480 alicujus

127 499 253 546 lateris,
286 498 435 553 angulus
462 499 517 536 cui
542 496 759 535 subtenditur
782 495 852 532 hoc
878 493 966 532 latus
990 495 1135 532 existens
1158 495 1195 533 iu
1221 494 1399 548 segmento
1424 494 1572 534 semicir-

125 567 207 607 culo
230 569 380 614 miuore,
403 567 518 618 major
541 565 605 603 erit
628 567 722 602 recto
731 558 758 600 d.
797 564 920 613 Qare
943 561 969 599 fi
994 561 1118 599 datum
1143 562 1358 615 triangulum
1382 575 1574 617 acutangu-
1587 571 1616 603 d.
1629 578 1679 610 31.
1693 579 1723 610 3.

126 635 202 675 lum
221 634 334 682 fucrit,
358 646 519 673 centrum
543 630 662 671 circuli
687 632 749 669 erit
768 631 861 678 iutra
887 627 1103 682 triangulum
1112 646 1121 674 ;
1145 627 1171 666 sl
1195 630 1438 683 reetangulum
1457 630 1573 680 fuerit,

126 705 190 743 crit
212 716 374 743 centrum
392 703 429 741 in
452 700 559 740 latere
578 698 711 752 angulo
730 702 826 737 recto
845 696 1027 749 opposito;
1064 708 1098 735 et
1116 696 1141 734 fi
1161 694 1268 735 fucrit
1286 697 1571 752 offlusaugulum,

125 772 227 811 cadet
249 783 409 811 centrum
429 781 527 808 extra
550 765 778 821 triangulum,
803 765 848 804 ad
873 777 987 818 partes
1011 763 1124 804 lateris
1147 764 1276 804 obtuso
1300 766 1435 820 angulo
1459 781 1573 821 oppo-

126 838 189 879 fiti.
643 893 647 897 .

582 929 755 968 PROP.
791 928 858 966 VI.
930 928 1101 966 PROB.

126 1039 216 1138 IN
241 1038 349 1084 dato
375 1035 542 1083 circulo
568 1035 841 1098 quadratum
865 1031 1114 1079 inscribere.

195 1181 246 1219 Sit
270 1179 368 1218 datus
385 1176 533 1217 circulus
555 1180 697 1218 ABCD
709 1195 718 1225 3
742 1187 883 1231 oportet
906 1177 942 1215 in
969 1178 1112 1215 ABCD
1136 1176 1267 1215 circulo
1290 1177 1502 1230 quadratum
1521 1177 1574 1216 in—

125 1248 281 1289 scribere.

195 1319 384 1368 Ducantur
406 1312 523 1353 circuli
552 1316 714 1353 ABCD
747 1313 906 1352 diametri
938 1313 981 1351 ad
1013 1316 1126 1351 rectos
1151 1312 1299 1366 angulos
1323 1314 1413 1352 inter
1437 1311 1470 1351 se
1493 1314 1575 1360 AC,

125 1388 216 1430 BD;
251 1395 285 1422 ct
308 1384 388 1429 AB,
413 1384 486 1428 BC,
512 1384 598 1429 CD,
623 1385 705 1421 DA
726 1383 934 1436 jungantur.
995 1381 1180 1431 (Quoniam
1209 1382 1314 1435 igitur
1344 1383 1409 1420 BE
1439 1382 1487 1420 est
1518 1395 1576 1419 ae-

128 1451 238 1506 qualis
262 1454 350 1497 ED,
383 1452 512 1489 etenim
537 1463 698 1489 centrum
724 1451 772 1488 est
797 1453 843 1497 E,
876 1450 1076 1488 communis

129 1533 248 1560 autem
274 1530 307 1556 ct
331 1519 376 1557 ad
394 1522 505 1556 rectos
526 1517 673 1571 angulos
692 1521 770 1557 EA
781 1536 790 1564 3
815 1518 877 1557 erit
897 1517 986 1556 basis
1002 1519 1074 1556 BA

129 1586 282 1641 aequalis
297 1586 367 1625 basi
375 1588 453 1625 AD
465 1591 488 1624 ³.
527 1598 561 1624 ct
574 1587 697 1624 eadem
713 1587 849 1624 ratione
864 1598 1009 1638 utraque
1025 1587 1076 1638 ip-

128 1656 240 1696 sarum
267 1657 340 1701 BC,
362 1656 446 1700 CD,
471 1654 609 1707 utrique
632 1655 712 1699 BA,
737 1655 816 1692 AD
835 1655 883 1692 est
903 1652 1077 1705 aequalis;

129 1723 379 1777 aequilaterum
410 1722 511 1775 igitur
543 1723 590 1760 est
613 1724 757 1761 ABCD
788 1720 1076 1773 quadrilaterum.

131 1794 227 1833 Dico
247 1804 280 1830 ct
299 1789 539 1843 reetangulum
558 1789 636 1829 ess'c.
674 1790 859 1841 Quoniam
877 1790 972 1828 enim
986 1793 1078 1828 recta

128 1860 220 1900 linea
237 1862 309 1898 BD
334 1859 504 1897 diameter
522 1859 569 1897 est
582 1861 723 1898 ABCD
742 1856 871 1905 circuli,
894 1858 957 1896 erit
970 1860 1077 1896 BAD

129 1927 379 1973 semicirculum
403 1941 510 1978 quare
534 1925 680 1980 angulus
699 1929 807 1965 BAD
833 1929 944 1964 rectus
968 1927 1016 1964 est
1025 1922 1052 1964 b.
1106 1937 1139 1964 ct
1162 1926 1288 1964 eadem
1312 1926 1446 1964 ratione
1470 1926 1575 1966 unus·
1588 1940 1616 1969 b.
1635 1948 1729 1979 31·3·

129 1996 272 2050 quisque
296 1993 450 2047 ipsorum
474 1996 584 2042 ABC,
609 1997 724 2043 BCD,
756 1997 871 2034 CDA
902 1996 951 2033 est
974 1998 1101 2041 reem&
1137 1993 1378 2047 rectangulum
1400 1995 1503 2048 igitur
1528 1998 1575 2035 est

128 2067 267 2106 ABCD
292 2061 579 2116 quadrilaterum.
635 2062 810 2102 ostcusum
836 2075 952 2101 autem
976 2064 1024 2101 cst
1047 2074 1081 2101 ct
1105 2062 1357 2115 aequilaterum
1383 2061 1462 2110 esse,
1488 2079 1575 2116 qua-

129 2134 267 2173 dratum
292 2133 395 2184 igitur
418 2132 482 2177 est3
519 2143 552 2169 ct
570 2130 771 2184 inscriptum
797 2132 844 2169 est
868 2133 903 2169 in
928 2129 1061 2169 circulo
1087 2133 1241 2170 ABCD.
1292 2134 1335 2170 Iu
1360 2132 1445 2170 dato
1468 2132 1574 2184 igitur

132 2203 274 2242 ABCD
298 2198 430 2240 circulo
450 2199 662 2253 quadratum
685 2201 824 2241 ABCD
855 2197 1056 2253 inscriptum
1081 2201 1140 2240 cst.
1191 2202 1248 2253 Q
1268 2202 1314 2238 E.
1340 2202 1383 2238 F.

1279 2268 1448 2306 PROP.
1486 2268 1572 2306 VII.
