2111 2755
565 201 851 250 LIBER
910 199 1276 249 PRIMUS.

198 291 352 347 aequalis
361 298 386 332 ³.
446 295 535 332 Non
558 292 607 331 est
631 303 769 338 autem;
807 305 882 330 non
906 292 1010 347 igitur
1033 291 1184 345 aequalis
1207 293 1255 332 est
1279 292 1387 332 ΒΑΕ
1412 290 1560 345 angulus
1584 306 1647 331 an·
1659 314 1728 342 a.4.
1742 314 1769 337 1.

198 361 284 417 gulo
309 363 428 400 EDF.
465 360 522 400 scd
546 375 664 412 neque
682 361 800 398 minor
809 377 818 406 ;
841 361 908 399 mi-
947 391 992 433 A
1275 410 1314 446 D

197 445 265 470 nor
279 431 375 469 enlm
388 427 471 468 effct
488 441 523 468 et
537 428 625 467 bafis
639 430 699 467 BC
716 427 788 467 bafi
803 431 869 467 EF
878 425 906 466 b.
1660 441 1687 470 b.
1703 449 1719 471 2
1721 451 1752 479 4·
1767 451 1794 473 Ι,

196 499 295 552 atqui
318 512 394 536 non
418 498 490 543 cst;
532 511 608 535 non
633 497 736 549 igitur
760 494 907 547 angulus

194 569 296 609 ΒΑΕ
309 564 440 619 angulo
449 566 556 604 EDF
570 564 617 602 est
630 564 760 601 minor.
792 563 907 601 osten-

196 634 274 676 sum
299 646 416 673 autem
434 633 482 671 est
494 647 610 684 neque
623 629 804 683 aequalem
818 629 905 677 effe;

198 701 344 756 angulus
374 701 478 754 igitur
504 702 606 739 ΒΑΕ
637 697 769 752 angulo
796 700 906 737 EDF
964 738 1001 779 B

1224 740 1259 778 C
1352 743 1388 784 E
1573 747 1608 786 F

197 771 315 823 major
350 769 423 807 erit.
486 767 513 806 s1
550 768 655 821 igitur
690 766 765 806 duo
800 766 906 805 trian—

195 837 278 893 gula
302 837 376 877 &a
423 837 480 888 Q
498 838 544 875 E.
568 838 619 875 D.

596 996 762 1036 PROP.
798 996 938 1034 XXVI.
1011 995 1140 1035 THE
1153 996 1248 1035 OR.

199 1103 292 1204 SI
325 1103 417 1148 duo
452 1099 675 1164 triangula
701 1101 813 1147 duos
842 1101 1029 1165 angulos
1049 1101 1225 1153 duobus
1246 1100 1419 1165 angulis
1440 1101 1645 1163 aequales

306 1171 514 1226 habeant,
539 1170 730 1215 alterum
756 1170 897 1226 alteri,
926 1188 1159 1233 unumque
1182 1170 1300 1216 latus
1322 1169 1399 1216 uni
1422 1169 1551 1216 lateri
1575 1186 1645 1216 ae-

194 1238 340 1303 quale,
367 1237 437 1283 vel
460 1239 583 1300 quod
608 1238 867 1299 aequalibus
892 1238 1068 1303 adjacet
1092 1238 1281 1302 angulis,
1313 1238 1381 1284 vel
1416 1238 1541 1300 quod
1565 1238 1644 1284 uni

193 1305 448 1369 aequalium
473 1305 743 1368 angulorum
766 1305 1069 1362 subtenditur3
1109 1321 1156 1352 et
1186 1306 1358 1368 reliqua
1382 1306 1521 1352 latera
1545 1305 1644 1352 reli-

191 1375 290 1438 quis
315 1373 526 1420 lateribus
553 1373 767 1435 aequalia,
794 1373 986 1420 alterum
1012 1374 1153 1429 alteri,
1187 1389 1233 1421 et
1257 1374 1481 1437 reliquum
1504 1390 1643 1438 angu-

190 1444 287 1490 lum
311 1442 482 1505 reliquo
508 1442 674 1506 angulo
704 1442 938 1505 aequalem
961 1443 1205 1490 habebunt.

262 1586 340 1624 Sint
364 1584 436 1623 duo
459 1584 634 1636 triangula
657 1587 767 1632 ΑΒΕ,
787 1588 904 1633 DEF,
924 1601 1013 1639 quae
1034 1587 1122 1626 duos
1141 1585 1288 1640 angulos
1301 1589 1411 1634 ΑΒΕ,
1426 1588 1533 1626 ΒΕΑ
1554 1586 1643 1625 duo-

192 1655 258 1694 bus
283 1652 419 1706 angulis
442 1654 560 1698 DEF,
585 1654 690 1691 EFD
715 1653 874 1706 aequales
897 1654 1064 1702 habeant,
1089 1654 1240 1694 alterum
1261 1654 1370 1703 alteri,
1401 1654 1562 1694 videlicet
1580 1669 1643 1692 an-

194 1722 319 1776 gulum
333 1720 475 1773 quidem
494 1722 598 1759 ΑΒΕ
612 1720 796 1773 aequalem
815 1736 878 1760 an-

192 1790 279 1845 gulo
304 1792 420 1836 DEF,
456 1786 628 1841 angulum
664 1803 746 1827 vero
776 1791 876 1828 BCA
931 1756 971 1797 A
1323 1759 1366 1798 D

193 1857 329 1912 angulo
354 1859 480 1903 EFD;
516 1856 671 1895 habeant
698 1868 816 1896 autem
843 1870 877 1896 et
903 1835 941 1873 G

128 1918 129 1921 Ἴ
190 1941 308 1965 unum
332 1925 421 1964 latus
446 1925 508 1962 uni
535 1922 632 1963 lateri
654 1924 800 1978 aequale
809 1942 818 1972 3
843 1938 876 1965 et

192 1996 321 2048 primo,
363 1992 462 2046 quod
501 1992 703 2044 aequalibus
740 1994 876 2047 adjacet

193 2061 342 2116 augulis,
357 2075 487 2113 nempe
507 2059 595 2099 latus
608 2063 671 2100 ΒΕ
686 2060 784 2100 lateri
797 2064 875 2101 EF.
948 2095 982 2134 B
1216 2099 1249 2136 C
1336 2105 1374 2145 Ε
1595 2110 1633 2146 F

191 2132 271 2170 dico
290 2143 324 2170 ct
348 2129 480 2182 reliqua
498 2127 603 2168 latera
628 2128 766 2182 reliquis
792 2129 876 2169 late-

191 2199 286 2239 ribus
308 2197 466 2253 aequalia
488 2196 631 2247 habere,
656 2197 801 2238 alterum
826 2197 933 2248 alteri,
957 2198 1046 2240 latus
1070 2199 1194 2241 seilicet
1212 2203 1281 2241 AB
1307 2199 1406 2241 lateri
1424 2204 1509 2248 DE,
1535 2213 1567 2239 ct
1587 2199 1638 2239 la-

1588 2281 1643 2307 tus

1811 213 1870 270 ²9
