2111 2755
306 212 396 261 170

374 1055 403 1078 a.
421 1054 471 1078 22.
485 1054 513 1087 ς.

420 2062 592 2102 ‘³¹³Cssssfita
617 2064 663 2101 cst
684 2068 698 2085 ὓ·
716 2078 759 2101 cx
783 2062 970 2115 prioribus,
1008 2063 1132 2102 cad-em
1156 2063 1282 2102 rationi
1303 2063 1340 2100 G
1367 2062 1412 2100 ad
1437 2064 1495 2108 M,

694 193 1087 243 EUCLIDIS
1133 191 1795 245 ELEMENTORUM

519 297 559 325 ut
583 287 621 324 A
644 283 689 322 ad
706 285 749 328 B,
774 283 821 319 ita
847 282 885 319 K
908 279 954 318 ad
972 281 1024 326 L;
1059 290 1099 318 ut
1122 293 1208 318 vero
1230 280 1261 318 C
1281 278 1325 317 ad
1350 281 1401 325 D,
1425 280 1473 318 ita
1491 281 1524 318 L
1548 281 1592 320 ad
1609 284 1667 323 M.
1704 280 1797 323 ratio
1812 284 1915 338 igitur
1934 286 1971 324 K

520 354 566 392 ad
589 355 648 397 M,
672 363 735 403 per
761 348 1025 387 Definitionem
1049 348 1196 387 rationis
1219 346 1448 400 compositae,
1474 348 1668 399 composrta
1692 352 1740 389 est
1763 367 1806 391 ex
1829 353 1973 392 rationi-

521 421 588 460 bus
606 421 645 458 K
668 418 713 458 ad
733 420 777 464 L,
796 429 834 456 et
849 418 882 456 L
908 416 953 455 ad
971 418 1030 464 M,
1055 431 1148 469 quae
1172 416 1318 456 eaedem
1358 428 1425 435 ⁴-
1428 429 1966 441 ********

525 488 603 529 sunt
620 485 815 527 rationibus
833 488 870 524 A
890 485 934 523 ad
953 487 994 532 B,
1013 487 1092 523 etC
1113 485 1157 524 ad
1172 487 1222 524 D.
1260 484 1318 523 sit-
1398 488 1448 524 A.
1473 487 1514 523 Β.
1542 487 1585 524 C.
1613 487 1664 524 D.
1735 488 1784 525 K.
1807 490 1852 526 L.
1876 490 1933 528 M.

524 572 595 610 que
618 567 797 608 practerea
821 565 860 592 ut
879 555 912 592 E
931 553 976 592 ad
999 555 1043 600 F,
1067 554 1114 592 ita
1133 556 1170 593 N
1195 553 1240 592 ad
1267 554 1317 601 O,
1393 556 1439 592 Ε.
1464 556 1506 592 F.
1537 556 1587 593 G.
1612 556 1664 593 H.
1741 557 1790 593 N.
1820 557 1867 594 O.
1895 559 1935 596 P.

526 636 567 664 ut
589 638 673 663 vero
692 625 731 662 G
751 623 794 662 ad
813 625 864 670 H,
894 622 941 660 ita
967 623 1004 661 O
1029 621 1075 661 ad
1093 624 1141 668 P;
1177 622 1266 660 ratio
1290 622 1318 660 i-
1359 654 1834 662 ——.-.—.-.-——

524 694 617 748 gitur
635 695 674 731 N
693 691 738 731 ad
757 694 784 730 P
808 690 1006 743 composita
1024 691 1072 729 est
1090 705 1135 729 ex
1152 689 1345 729 rationibus
1369 692 1406 728 N
1426 689 1471 728 ad
1492 691 1540 737 O,
1560 702 1594 729 et
1615 692 1652 730 O
1672 691 1715 731 ad
1735 694 1774 739 P,
1793 705 1883 744 quae
1900 706 1979 732 eae-

526 762 609 801 dem
634 759 712 800 sunt
736 759 929 799 rationibus
949 762 985 798 E
1003 759 1048 798 ad
1067 761 1111 807 F,
1130 771 1165 799 et
1190 761 1228 799 G
1248 759 1295 798 ad
1313 761 1365 798 H.
1404 770 1438 798 et
1456 759 1716 799 ostendendum
1736 761 1783 800 est
1803 761 1980 801 rationem

526 832 566 870 K
590 830 634 869 ad
656 831 704 868 M
728 830 882 868 candem
901 827 968 868 effe
987 829 1114 868 rationi
1133 831 1169 867 N
1189 829 1234 867 ad
1252 831 1293 876 P,
1313 828 1381 867 five
1400 839 1439 866 ut
1457 828 1494 866 K
1514 828 1558 866 ad
1577 830 1636 876 M,
1655 829 1702 868 ita
1720 827 1789 868 effe
1808 832 1845 868 N
1865 830 1910 869 ad
1923 833 1965 870 P.
2037 839 2043 843 ’

594 899 781 952 Qoniam
802 898 850 936 est
863 899 900 936 K
925 897 969 936 ad
989 899 1033 944 L,
1057 908 1097 936 ut
1115 895 1170 950 (A
1189 897 1233 935 ad
1253 899 1296 943 B,
1315 896 1386 935 hoc
1406 896 1454 934 est
1472 907 1510 934 ut
1529 897 1563 934 E
1583 897 1627 936 ad
1646 898 1689 945 F,
1708 897 1779 937 hoc
1797 899 1845 937 est
1863 897 1921 954 ut)
1942 901 1980 938 N

527 968 572 1008 ad
594 970 650 1014 Ο,
687 978 725 1005 ut
743 980 827 1004 vero
842 967 874 1003 L
890 965 933 1004 ad
947 967 1006 1012 M,
1026 966 1073 1004 ita
1092 966 1140 1003 est
1161 962 1210 1018 (C
1230 965 1274 1004 ad
1290 967 1342 1012 D,
1361 976 1396 1004 et
1413 964 1461 1003 ita
1480 966 1519 1004 G
1538 965 1583 1004 ad
1602 969 1654 1013 H,
1674 978 1709 1005 et
1726 966 1793 1021 ita)
1815 968 1853 1007 O
1872 967 1916 1007 ad
1937 970 1979 1006 P.

528 1038 593 1077 erit
613 1042 627 1059 ³
645 1049 690 1074 ex
708 1032 844 1087 aequali
864 1035 901 1072 K
922 1034 967 1073 ad
985 1035 1043 1081 M,
1065 1045 1103 1072 ut
1121 1035 1159 1072 N
1179 1034 1224 1073 ad
1242 1036 1281 1073 P.
1328 1034 1365 1073 Si
1384 1033 1488 1087 igitur
1507 1034 1660 1074 rationes
1678 1035 1749 1076 &a
1793 1038 1850 1089 Q
1865 1040 1911 1076 E.
1928 1039 1979 1076 D.

971 1147 1140 1184 PROP.
1178 1147 1230 1184 H.
1304 1145 1539 1185 THEOR.

535 1237 631 1338 SI
669 1233 784 1281 ratio
809 1248 865 1281 ex
890 1232 1155 1296 quibusdam
1188 1231 1436 1279 rationibus
1461 1230 1710 1295 composita
1740 1234 1899 1280 eadem
1927 1231 1982 1281 fit

660 1302 824 1349 rationi
867 1319 921 1349 ex
964 1302 1230 1364 quibusdam
1268 1300 1363 1347 aljis
1404 1301 1652 1347 rationibus
1691 1300 1981 1363 compositae,

529 1371 758 1433 fueritque
782 1388 871 1416 una
896 1370 1014 1416 ratio
1040 1387 1094 1416 ex
1123 1370 1360 1431 prioribus,
1396 1368 1466 1414 vel
1496 1369 1611 1415 ratio
1632 1385 1686 1416 ex
1711 1370 1979 1432 quibusdam

530 1456 588 1486 ex
618 1439 836 1502 prioribus
871 1437 1133 1500 composita,
1162 1439 1320 1484 eadem
1353 1437 1431 1483 uni
1457 1437 1623 1484 rationi
1653 1455 1708 1484 ex
1733 1438 1980 1500 posteriori·

529 1509 628 1565 bus,
665 1507 735 1554 vel
764 1507 928 1554 rationi
959 1523 1014 1553 ex
1044 1507 1310 1569 quibusdam
1342 1522 1398 1552 ex
1424 1506 1736 1568 posterioribus
1763 1506 1981 1570 composi-

528 1591 627 1634 ωε,
661 1576 745 1623 erit
769 1576 939 1638 reliqua
964 1575 1078 1622 ratio
1104 1592 1159 1622 ex
1192 1575 1427 1637 prioribus,
1464 1574 1537 1620 vel
1567 1574 1683 1621 ratio
1710 1590 1765 1622 ex
1799 1575 1981 1639 reliquis

529 1645 748 1708 prioribus
775 1643 1037 1706 composita,
1065 1645 1222 1690 eadem
1246 1643 1411 1690 rationi
1434 1643 1629 1705 reliquae
1655 1660 1709 1690 ex
1735 1643 1982 1706 posteriori-

529 1716 628 1771 bus,
654 1714 725 1761 vel
749 1713 914 1761 rationi
941 1730 996 1759 ex
1020 1712 1200 1776 reliquis
1226 1711 1540 1775 posterioribus
1567 1712 1854 1774 compofitae.

600 1858 679 1897 Sint
703 1858 856 1896 rationcss
879 1860 916 1895 A
940 1857 983 1896 ad
1009 1860 1051 1904 B,
1075 1859 1104 1896 B
1130 1857 1173 1896 ad
1200 1858 1244 1902 C,
1268 1857 1300 1894 C
1324 1855 1368 1894 ad
1393 1858 1444 1902 D,
1470 1858 1508 1894 D
1534 1856 1579 1895 ad
1606 1858 1651 1903 E,
1677 1866 1712 1894 et
1735 1857 1770 1894 E
1794 1855 1839 1894 ad
1863 1857 1915 1903 F,-
1948 1867 1985 1895 et

533 1926 617 1965 :diae
637 1927 789 1966 rationes
813 1927 850 1965 G
872 1925 916 1963 ad
935 1928 986 1973 H,
1012 1929 1052 1965 H
1074 1926 1117 1964 ad
1143 1927 1192 1972 K,
1217 1926 1254 1963 K
1273 1924 1316 1962 ad
1341 1926 1385 1971 L,
1410 1936 1444 1963 ct
1462 1926 1494 1962 L
1526 1961 1529 1965 s

533 1996 576 2034 ad
601 1998 658 2034 M,
709 1995 820 2047 fitque
844 1994 934 2033 ratio
957 1997 994 2033 A
1022 1995 1065 2033 ad
1090 1997 1133 2040 F,
1160 2008 1251 2046 quac
1276 1991 1319 2031 sc.
1345 2007 1496 2045 compo—

1554 1995 1600 2031 A.
1627 1994 1668 2030 B.
1697 1995 1739 2031 C.
1766 1994 1816 2031 D.
1842 1994 1887 2031 E.
1913 1995 1955 2031 F.

1580 2063 1630 2100 G.
1655 2063 1708 2101 H.
1732 2063 1781 2100 K.
1806 2063 1850 2099 L.
1878 2062 1936 2099 M.

533 2146 623 2185 quae
647 2131 844 2183 composita
870 2132 918 2168 cst
943 2136 955 2153 ³
976 2147 1018 2169 ‹2:11
1037 2130 1299 2184 posterioribus.
1345 2141 1379 2168 ct
1397 2145 1496 2182 prac-

532 2215 623 2239 terea
647 2199 736 2239 ratio
758 2201 794 2239 A
815 2199 858 2237 ad
878 2201 917 2237 D
942 2213 1032 2252 quae
1056 2200 1251 2253 compo-sira
1270 2200 1317 2239 est
1336 2213 1379 2238 cx
1398 2197 1593 2238 rationibus
1617 2199 1654 2235 A
1679 2195 1722 2234 ad
1746 2197 1787 2243 Β,
1812 2197 1841 2234 Β
1866 2196 1910 2234 ad
1936 2197 1980 2242 C,

1947 2275 1982 2303 Εἰ
