2111 2755
380 186 663 236 LIBER
722 180 1388 234 DUODECIMUS.
1727 202 1817 256 3¹3

147 279 236 325 EO,
264 278 346 325 OF,
371 279 443 324 FP,
467 279 548 316 PG.
575 277 664 322 GR,
692 277 781 322 RH,
806 276 883 320 HS,
903 274 973 312 SE.
1035 272 1168 326 reliqua
1192 273 1296 326 igitur
1319 273 1474 327 pyramis
1496 274 1594 329 cujus

144 346 233 386 bafis
256 344 479 398 polygonum
505 345 800 389 EOFPGRHS,
825 342 971 381 altitudo
996 353 1110 380 autem
1137 341 1260 380 eadem
1286 357 1375 394 quae
1399 344 1491 391 coni,
1515 357 1591 382 ma-

139 415 199 467 jor
217 414 265 452 est
284 412 394 452 solido
408 414 454 451 X.
504 410 713 451 describatur
731 412 768 450 in
787 408 917 449 circulo
939 411 1082 449 ABCD
1100 409 1285 463 polygono
1305 412 1590 452 EOFPGRHS

140 479 251 520 simile
274 480 498 534 polygonum
522 479 861 529 ATBYCVDQ,
899 490 933 516 et
962 477 1007 516 ab
1032 476 1101 529 Ipsa
1124 480 1276 531 erigatur
1299 480 1454 531 pyramis
1477 494 1589 532 aeque

139 548 208 587 alta
231 563 326 587 cono
350 551 432 588 AL.
485 548 656 600 quoniam
681 547 785 599 igitur
807 547 855 583 est
879 557 917 582 ut
941 545 1150 596 quadratum
1169 561 1212 585 ex
1224 549 1291 586 AC
1312 548 1356 586 ad
1375 548 1586 600 quadratum

137 631 181 655 ex
206 618 294 663 EG,
318 617 363 655 ita
390 612 932 667 ATBYCVDonlygonum
954 612 996 649 ad
1016 611 1239 664 polygonum
1260 617 1728 665 EOFPGRHSC;c.1.12.

137 696 178 724 ut
202 695 321 723 autem
345 684 553 736 quadratum
577 696 621 721 ex
644 682 725 721 AC'
744 681 788 720 ad
819 681 1029 734 quadratum
1055 694 1098 718 ex
1122 682 1209 726 EG,
1238 683 1285 720 ita
1306 684 1445 722 ABCD
1476 685 1585 725 circu-

136 751 190 791 lus
215 752 259 791 ad
281 750 452 790 circulum
477 752 545 789 EF
547 745 671 795 GH‘³;
707 750 772 787 erit
793 760 831 787 ut
852 749 995 786 ABCD
1009 747 1155 787 circulus
1175 750 1218 788 ad
1237 749 1408 791 circulum
1420 754 1487 792 EF
1492 755 1582 801 GH,
1594 761 1623 790 d.
1640 769 1732 791 2.12.

134 821 182 859 ita
206 817 427 872 polygonum
449 816 816 868 ATBYCVDQad
840 814 1064 869 polygonum
1089 817 1371 859 EOFPGRHS
1381 826 1405 858 ⁰.
1464 820 1522 860 sed
1546 834 1682 861 ute.11.
1695 834 1724 867 ς.

133 888 281 928 ABCD
304 884 452 925 circulus
476 885 522 925 ad
545 884 715 924 circulum
734 886 895 932 EFGH,
919 884 967 923 ita
991 898 1102 923 conus
1125 887 1197 924 AL
1222 887 1266 925 ad
1284 888 1321 925 X
1345 887 1512 937 solidum3
1548 902 1584 929 et

132 968 172 995 ut
194 953 419 1009 polygonum
441 954 756 1006 ATBYCVDQ
769 953 813 992 ad
837 951 1060 1006 polygonum
1084 955 1380 1003 EOFPGRHS,
1407 957 1453 996 ita
1478 963 1492 980 ²¹
1515 972 1581 1010 py-
1592 971 1618 991 a.
1635 961 1665 991 6.
1681 970 1727 993 12.

133 1024 237 1063 ramis
259 1024 357 1076 cujus
380 1021 468 1061 bafis
486 1020 1040 1075 ATBYCVDonlygonum,
1064 1033 1181 1060 vertex
1200 1035 1318 1062 autem
1335 1028 1510 1077 punffmm
1534 1029 1580 1075 L,

131 1091 177 1130 ad
200 1090 423 1144 pyramidem
441 1090 539 1143 cujus
557 1089 647 1129 bafis
664 1088 888 1143 polygonum
903 1091 1200 1138 EOFPGRHS,
1221 1103 1255 1130 et
1272 1103 1389 1131 vertex
1405 1097 1580 1145 punffrum

131 1161 182 1198 N.
219 1171 256 1197 ut
279 1159 381 1211 igitur
403 1172 516 1197 conus
538 1160 610 1198 AL
633 1158 678 1197 ad
702 1160 737 1196 X
761 1156 924 1205 solidum,
950 1159 997 1196 ita
1020 1159 1174 1210 pyramis
1197 1160 1294 1213 cujus
1314 1159 1403 1199 bafis
1427 1161 1578 1216 polygo-

130 1241 221 1265 num
233 1226 561 1277 ATBYCVDQ,
588 1237 622 1265 et
634 1238 751 1266 vertex
763 1229 932 1279 punstum
948 1228 981 1265 L
1001 1226 1045 1265 ad
1058 1227 1281 1279 pyramidem
1294 1219 1392 1282 cujus⁴
1406 1228 1494 1268 bafis
1511 1245 1577 1283 po-

130 1293 308 1348 lygonum
332 1295 625 1341 EOFPGRHS,
649 1306 684 1333 et
705 1306 824 1333 vertex
846 1297 884 1332 N
908 1297 1092 1346 punftum.
1128 1309 1239 1334 conus
1262 1307 1381 1334 autem
1403 1299 1475 1335 AL
1498 1312 1576 1336 ma-

123 1363 183 1416 jor
206 1362 254 1401 est
276 1361 461 1414 pyramide
484 1376 577 1414 quae
594 1362 642 1400 est
665 1362 702 1400 in
725 1361 817 1414 ips03
852 1362 964 1414 majus
983 1362 1088 1414 igitur
1111 1363 1160 1400 est
1182 1360 1335 1401 solidum
1359 1365 1395 1401 X
1417 1366 1575 1417 pyrami-

129 1430 174 1469 de
192 1444 282 1482 quae
307 1430 355 1468 est
377 1430 414 1468 in
437 1443 532 1468 cono
547 1424 650 1468 ENf.
687 1427 744 1468 sed
764 1440 799 1468 et
821 1429 957 1476 minus;
993 1429 1092 1482 quod
1112 1430 1160 1468 est
1178 1429 1378 1471 abfierum.
1415 1447 1492 1472 non
1510 1434 1573 1486 igi·
1586 1441 1608 1472 f.
1629 1450 1676 1479 14.
1697 1451 1726 1482 ς.

126 1509 182 1537 tur
200 1509 240 1536 ut
262 1499 406 1537 ABCD
429 1495 574 1536 circulus
598 1496 643 1535 ad
666 1495 838 1536 circulum
860 1498 927 1535 EF
930 1497 1023 1542 GH,
1056 1498 1103 1536 ita
1128 1498 1176 1535 est
1198 1499 1269 1536 AL
1292 1512 1404 1537 conus
1427 1500 1471 1539 ad
1494 1499 1574 1541 soli-

124 1565 212 1605 dum
231 1564 376 1618 aliquod
395 1565 513 1603 minus
526 1578 620 1603 cono
632 1567 718 1604 EN.
754 1563 911 1603 similiter
930 1564 1226 1604 demonstrabitur
1238 1582 1357 1620 neque
1370 1580 1410 1607 ut
1423 1570 1572 1610 EFGH

125 1632 275 1673 circulus
294 1633 338 1671 ad
358 1631 529 1672 circulum
546 1635 700 1681 ABCD,
713 1633 759 1671 ita
777 1631 844 1672 effe
862 1647 997 1672 conum
1014 1635 1089 1672 EN
1109 1634 1153 1673 ad
1173 1633 1317 1688 aliquod
1336 1635 1486 1677 solidum
1503 1640 1569 1677 rni-

123 1716 189 1741 nus
212 1715 306 1740 cono
330 1703 412 1740 AL.
470 1701 568 1739 Dico
586 1713 761 1753 praeterea
780 1716 895 1754 neque
914 1699 981 1740 effe
1000 1713 1038 1740 ut
1059 1703 1202 1741 ABCD
1222 1703 1371 1743 circulus
1390 1706 1434 1745 ad
1459 1707 1568 1746 circu-

122 1768 198 1808 lum
223 1770 381 1815 EFGH,
406 1769 451 1807 ita
474 1771 546 1807 AL
569 1783 701 1807 conum
724 1768 769 1807 ad
794 1768 936 1822 aliquod
960 1768 1110 1809 solidum
1140 1772 1254 1825 majus
1283 1786 1378 1812 cono
1401 1776 1488 1812 EN.
1541 1774 1568 1814 fi

123 1837 220 1876 enim
245 1837 319 1875 fieri
343 1837 467 1889 potest,
499 1835 540 1874 fit
565 1837 610 1876 ad
634 1835 785 1876 solidum
810 1838 936 1890 majus,
962 1838 1060 1891 quod
1084 1838 1126 1878 fit
1149 1842 1178 1878 I.
1237 1842 1338 1894 Ergo
1362 1842 1570 1882 invertendo

122 1916 161 1944 ut
184 1906 249 1943 EF
252 1906 331 1943 GH
355 1902 500 1944 circulus
525 1904 569 1944 ad
592 1904 762 1945 circulum
786 1907 937 1953 ABCD,
969 1907 1017 1945 ita
1044 1907 1109 1945 erit
1131 1906 1280 1947 solidum
1303 1911 1320 1948 I
1347 1910 1391 1949 ad
1414 1913 1485 1950 AL
1507 1925 1569 1950 co-

121 1987 222 2011 num.
278 1973 342 2011 erit
366 1984 485 2011 autem
508 1984 548 2011 ut
571 1971 723 2012 solidum
748 1976 764 2012 I
790 1974 835 2012 ad
862 1976 936 2013 AL
960 1989 1104 2022 conum,
1135 1977 1181 2015 ita
1206 1991 1316 2016 conus
1340 1980 1415 2018 EN
1438 1979 1481 2018 ad
1505 1978 1568 2019 ali-

123 2040 221 2093 quod
240 2038 402 2086 solidum,
427 2041 526 2093 quod
549 2042 695 2093 quidem
718 2043 836 2080 minus
854 2044 917 2081 erit
934 2057 1029 2081 cono
1052 2045 1124 2081 AL
1134 2039 1153 2091 f,
1179 2046 1262 2096 quia
1286 2044 1438 2085 solidum
1458 2049 1475 2086 I
1494 2062 1570 2087 ma-

118 2107 174 2162 jus
199 2109 245 2146 est
264 2121 359 2146 cono
384 2110 469 2146 EN.
522 2120 556 2146 et
579 2110 682 2162 igitur
705 2121 743 2148 ut
763 2112 912 2149 EFGH
931 2109 1077 2149 circulus
1096 2111 1140 2150 ad
1164 2112 1332 2153 circulum
1349 2116 1503 2163 ABCD,
1521 2117 1568 2153 ita

122 2189 232 2216 conus
259 2177 333 2215 EN
359 2176 403 2215 ad
426 2175 572 2230 aliquod
595 2176 744 2217 solidum
769 2179 886 2216 minus
910 2193 1005 2219 cono
1028 2181 1110 2228 AL,
1142 2181 1239 2234 quod
1270 2182 1346 2224 fieri
1369 2198 1445 2222 non
1469 2181 1566 2234 posse

801 2247 838 2285 R
862 2260 879 2285 r
1390 2248 1564 2291 ostensum
