2111 2755
301 208 394 276 146
687 203 1080 255 EUCLIDIS
1126 201 1792 258 ELEMENTORUM

512 303 556 342 C.
602 301 700 341 Dico
724 311 912 351 utramque
936 300 984 345 A,
1007 299 1038 337 B
1063 296 1109 336 ad
1133 298 1165 336 C
1189 296 1343 336 candem
1366 297 1543 336 rationem
1565 298 1718 355 habere3
1753 315 1788 343 et
1811 304 1842 343 C
1867 303 1912 344 ad
1930 317 1969 343 u-
2049 338 2053 342 ,

513 383 675 422 tramque
697 371 748 417 A,
767 371 797 407 B
822 366 978 406 similiter
1001 365 1152 406 eandem
1176 365 1307 406 habere
1331 366 1520 405 rationem.

585 440 780 478 Sumantur
799 437 895 476 enim
918 434 1073 490 ipsarum
1091 438 1139 483 A,
1160 437 1191 475 B
1215 448 1395 488 uteunque
1420 450 1534 489 aeque
1559 433 1769 490 multiplices
1793 443 1843 491 D,
1868 444 1915 491 E,
1941 454 1975 481 et

519 507 622 562 ipsius
640 508 672 546 C
687 505 754 546 alia
771 518 952 560 utcunque
970 504 1157 559 multIplex
1175 507 1218 545 F.
1256 506 1429 559 quoniam
1443 506 1546 559 igitur
1564 519 1622 544 ae-

521 591 590 630 que
609 574 797 630 multiplex
816 577 864 616 est
885 578 924 616 D
948 575 1052 630 ipsius
1069 578 1118 622 A,
1142 587 1248 629 atque
1265 577 1300 614 E
1324 574 1428 628 ipsius
1442 576 1485 622 B,
1505 575 1623 628 estque

316 657 343 679 a·
359 655 385 677 1·
399 650 458 677 Ax.
473 653 490 687 5
496 668 502 675 ·
522 648 561 686 A
576 645 639 699 ipfi
652 648 682 685 B
699 645 854 699 aequalis
866 663 876 693 5
900 646 964 684 erit
988 657 1024 684 et
1043 647 1082 683 D
1102 644 1255 697 aequalis
1274 644 1337 697 ipsl
1356 646 1425 683 Ea.
1476 646 1578 698 Ergo
1597 643 1623 683 si

523 718 564 755 D
587 714 725 769 superat
741 718 784 763 F,
809 727 844 754 et
866 717 901 754 E
925 713 1035 768 ipsam
1060 716 1091 753 F
1114 712 1287 767 superabit
1296 731 1305 760 ;
1344 725 1379 753 et
1403 712 1429 751 fi
1454 712 1622 765 aequalis,
1779 665 1788 821 ¹

519 783 692 838 aequalis;
730 795 765 824 et
783 783 953 832 siminor,
970 784 1100 822 mitior.
1139 795 1173 822 et
1190 781 1267 822 sunt
1281 785 1332 830 D,
1352 784 1387 820 E
1407 781 1551 835 quidem
1571 783 1624 835 ip-

519 852 635 893 sarum
661 856 712 902 A,
736 855 766 893 Β
791 865 972 906 utcunque
994 867 1107 905 aeque
1130 850 1341 904 multiplices
1350 868 1359 898 3
1395 852 1427 889 F
1451 864 1534 902 vero
1556 849 1624 890 alia
1689 827 1727 867 D
1767 827 1810 866 Α
1859 791 1871 934 ¹

519 935 701 975 utcunque
725 922 911 976 multiplex
935 921 1041 976 ipsius
1066 923 1108 960 C.
1165 921 1229 960 crit
1252 921 1356 974 igitur
1386 931 1425 959 ut
1448 921 1486 960 A
1511 919 1557 959 ad
1580 921 1624 969 C,
1685 901 1725 946 E
1764 902 1801 943 B
1849 943 1885 987 C
1917 932 1956 986 F

588 1061 687 1100 Dico
711 1059 852 1114 insuper
875 1061 906 1100 C
938 1059 983 1099 ad
1013 1072 1199 1113 utramque
1230 1057 1380 1113 ipsarum
1404 1060 1453 1106 A,
1481 1060 1511 1098 B
1543 1073 1627 1099 ean·
1786 948 1802 1106 l

316 993 568 1039 b.5.Def.5.ita
591 994 620 1032 B
644 993 689 1032 ad
713 988 782 1031 Cb.

520 1131 604 1171 dem
628 1130 761 1170 habere
785 1130 975 1169 rationem.
1037 1128 1160 1169 iisdem
1184 1130 1280 1168 enim
1305 1128 1509 1169 construffis
1533 1127 1628 1168 fimi-

522 1199 600 1240 liter
619 1199 847 1239 ostendemus
861 1201 900 1238 D
919 1198 982 1253 ipsi
996 1201 1031 1238 E
1047 1198 1231 1253 aequalem
1251 1197 1331 1238 esse.
1369 1197 1396 1237 si
1414 1198 1517 1252 igitur
1530 1200 1561 1237 F
1576 1195 1630 1237 su-

520 1282 623 1323 perat
643 1272 695 1317 D,
720 1267 833 1323 ipsum
858 1284 1004 1322 quoque
1029 1271 1064 1308 E
1089 1267 1263 1322 superabit
1272 1286 1281 1316 3
1317 1279 1352 1308 et
1376 1266 1403 1306 fi
1427 1265 1594 1321 aequalis,
1619 1263 1770 1319 aequalis
1777 1282 1788 1311 3
1825 1274 1859 1303 et
1878 1263 1904 1304 si
1922 1265 1988 1303 mi-

520 1353 600 1385 nor,
624 1339 756 1376 minor.
808 1350 914 1390 atque
938 1339 987 1376 est
1010 1340 1042 1377 F
1067 1338 1212 1390 quidem
1235 1337 1340 1390 ipsius
1366 1338 1397 1376 C
1420 1348 1601 1389 uteunque
1624 1332 1832 1386 nmltiplex;
1875 1335 1926 1380 D,
1952 1335 1987 1372 E

521 1421 606 1445 vero
627 1405 714 1445 aliae
732 1418 914 1459 utcunque
933 1421 1046 1459 aeque
1064 1405 1275 1459 multiplices
1299 1404 1449 1458 ipsarum
1474 1408 1524 1453 A,
1555 1406 1599 1444 B:
1655 1406 1757 1457 Ergo
1781 1398 1798 1426 b
1823 1414 1862 1442 ut
1886 1404 1917 1442 C
1943 1401 1988 1441 ad

527 1478 576 1523 A,
608 1476 656 1514 ita
680 1476 743 1524 erit
768 1477 800 1515 C
825 1475 870 1515 ad
893 1477 935 1514 B.
999 1473 1178 1528 Aequales
1215 1476 1320 1529 igitur
1345 1474 1417 1514 ἃς.
1472 1475 1531 1526 Q
1552 1476 1599 1513 E.
1625 1476 1677 1514 D.

931 1638 1107 1676 PROP.
1145 1637 1252 1677 VIII.
1326 1635 1563 1675 THEOR.

523 1744 909 1846 INAEQUAMUM
949 1743 1321 1810 magnitudinum
1348 1743 1495 1809 major
1519 1743 1576 1790 ad
1608 1743 1812 1798 eandem,
1851 1741 1991 1808 majo-

600 1830 697 1861 rem
722 1813 859 1860 habet
883 1814 1107 1861 rationem
1133 1831 1272 1877 quam
1297 1812 1459 1860 minor.
1515 1828 1562 1859 et
1586 1813 1744 1859 eadem
1766 1812 1823 1858 ad
1847 1811 1991 1858 mino-

524 1901 635 1942 rem,
669 1883 890 1950 majorem
915 1883 1052 1931 habet
1076 1884 1300 1932 rationem
1326 1899 1465 1947 quam
1491 1882 1548 1929 acl
1573 1882 1808 1948 majorem.

597 2029 674 2066 Sint
697 2026 903 2081 inaequales
928 2030 1189 2082 magnitudines
1217 2030 1299 2076 AB,
1324 2029 1398 2076 BC,
1419 2040 1454 2066 et
1480 2026 1522 2066 sit
1550 2027 1620 2066 AB
1645 2026 1777 2081 major;
1814 2024 1878 2065 alia
1908 2039 1991 2063 vero

527 2109 707 2148 uteunque
739 2097 779 2135 fit
805 2100 854 2136 D.
898 2098 1047 2137 habebit
1071 2101 1139 2138 AB
1171 2099 1217 2137 ad
1241 2100 1280 2137 D
1312 2098 1489 2151 majorem
1514 2096 1690 2136 rationem
1717 2109 1825 2149 quam
1856 2096 1919 2133 BC
1946 2093 1991 2133 ad

530 2168 581 2205 D.
619 2178 653 2204 et
679 2167 718 2203 D
743 2166 787 2204 ad
805 2167 869 2204 BC
888 2168 1061 2220 majorem
1082 2169 1256 2207 rationem
1282 2166 1430 2206 habebit
1451 2181 1557 2219 quam
1583 2164 1628 2203 ad
1652 2165 1730 2203 AB.

598 2236 634 2274 Si
658 2249 698 2274 ea
722 2249 815 2289 quae
845 2249 921 2275 non
947 2237 1064 2290 major
1089 2238 1137 2277 est
1156 2235 1307 2290 ipsarum
1325 2238 1407 2285 AC,
1429 2237 1492 2275 CB
1513 2249 1590 2275 non
1608 2233 1729 2274 minor
1746 2232 1788 2273 fit
1808 2248 1918 2286 quam
1932 2235 1990 2281 D;

1810 2301 1990 2342 sumantur
