2111 2755
227 209 321 281 378

901 196 1443 248 NOTAE.

445 305 468 327 “
487 297 624 351 γεται”
648 308 742 350 quae
756 289 865 332 verba
878 290 1165 333 Commandinus
1184 289 1314 344 aliique
1333 289 1430 330 male
1448 281 1608 332 reddunt'
1636 296 1661 317 “
1675 291 1812 334 habet”
1837 295 1915 335 vice

449 376 472 396 “
492 368 625 409 habere
649 361 818 410 dicitur;''
855 359 1051 415 aliquando
1081 372 1202 400 autem
1234 360 1423 408 omittitur,
1457 370 1497 399 ut
1525 359 1563 398 in
1595 363 1914 404 Demonstratione

448 442 557 491 Prop.
589 447 610 485 3
625 447 664 484 3.
689 432 772 473 Lib.
807 444 821 470 1
842 444 877 470 1.
904 428 968 469 ubi
991 428 1145 469 habetur
1180 430 1332 483 “prima
1356 428 1400 468 ad
1426 440 1591 481 quartam
1623 429 1837 483 triplicatamv
1857 447 1912 472 ra-

450 507 588 547 tionem
613 497 725 562 ἔχθη
764 498 839 540 fine
869 497 982 538 dubio
1013 509 1133 538 autem
1160 491 1251 557 ’ἔχει
1278 497 1338 537 hic
1361 496 1533 551 fignificat
1557 497 1654 537 idem
1679 500 1779 552 quod
1803 494 1913 558 ἔχειν

451 570 627 622 λέγεται.
676 572 724 611 ita
747 569 855 609 etiam
878 568 915 607 in
930 569 1038 621 Prop.
1064 580 1087 606 2
1100 580 1140 617 3.
1160 566 1243 606 Lib.
1270 565 1310 605 6.
1346 565 1411 605 ubi
1429 565 1557 619 legitur
1588 571 1609 588 “
1624 565 1681 606 sed
1701 569 1791 607 ratio
1811 570 1850 608 K
1868 568 1914 608 ad

453 648 476 667 “
500 645 548 682 M
572 635 797 689 ‹rv'yxerroest'
822 635 1024 690 composita
1047 637 1096 676 est
1120 641 1144 658 “
1164 650 1208 676 ex
1231 635 1368 675 ratione
1391 636 1431 674 K
1454 634 1500 674 ad
1520 637 1566 681 L,
1595 647 1629 674 et
1653 637 1790 676 ratione
1813 637 1846 676 L
1870 637 1916 676 ad

455 716 485 736 “¹
503 711 584 759 M?
618 708 796 751 brevitatis
819 704 863 745 sc.
883 706 1003 760 gratia,
1026 719 1110 746 cum
1129 704 1321 745 dicendum
1345 702 1425 753 fuit,
1448 716 1488 745 ut
1510 704 1547 743 in
1569 705 1805 754 Definitione,
1830 719 1923 754 συγ-

455 772 603 825 κε-Ῐῐοῧαι
627 772 801 826 λέγεται,
825 775 1000 827 componi
1024 774 1160 815 dicitur.

526 851 588 888 Ex
617 848 675 887 his
702 857 834 892 autem,
873 855 908 883 et
928 841 1239 897 Propofitionibus
1261 856 1348 895 quas
1371 840 1487 881 Libro
1511 841 1638 894 quinto
1661 839 1919 896 subjunximus,

454 916 607 971 intelligi
630 928 666 956 et
688 913 854 967 explicari
879 910 1027 965 possunt
1051 911 1177 952 omnia
1200 925 1293 964 quae
1318 910 1414 964 apud
1439 912 1657 950 Geometras
1688 921 1765 951 tum
1789 923 1919 951 veteres

458 999 539 1029 tum·
561 985 774 1031 recentiores
798 982 843 1021 de
866 981 1003 1021 ratione
1021 979 1223 1034 composrta
1240 978 1430 1020 habentur.

864 1094 1037 1133 PROP.
1074 1091 1223 1132 XXIV.
1294 1093 1404 1131 LIB.
1441 1092 1510 1131 VI.

528 1188 686 1231 Videtur
709 1187 911 1241 imperitum
937 1185 1116 1239 quendam
1141 1199 1186 1225 ex
1209 1183 1347 1225 duabus
1369 1182 1511 1224 diverfis
1541 1183 1646 1237 hujus
1669 1182 1927 1236 Propositionis

460 1256 830 1302 demonstrationibus
848 1256 942 1295 hanc
966 1269 1075 1309 quam
1099 1269 1196 1296 nunc
1220 1252 1396 1294 habemus
1413 1249 1648 1307 composuisse
1655 1270 1666 1300 3
1702 1267 1748 1292 ex
1770 1267 1842 1293 una
1865 1251 1928 1292 sci-

459 1329 542 1369 licet
565 1342 659 1381 quae
681 1340 744 1378 per
766 1328 875 1378 Prop.
906 1336 948 1368 2,.
973 1324 1080 1379 hujus
1104 1322 1187 1365 Lib.
1217 1322 1258 1363 6.
1291 1334 1326 1363 et
1349 1321 1457 1364 altera
1483 1337 1574 1376 quac
1596 1335 1658 1375 per
1680 1324 1787 1375 Prop.
1814 1334 1858 1373 4.
1890 1336 1927 1360 c-

457 1395 600 1452 jusdem
624 1395 699 1434 fieri
724 1395 849 1446 potest.>
893 1393 1079 1446 postquam
1099 1394 1194 1432 enim
1220 1406 1284 1445 per
1307 1404 1348 1430 2.
1373 1392 1478 1445 hujus
1498 1402 1534 1430 et
1555 1391 1827 1444 componendo,
1847 1403 1927 1443 per-

461 1463 721 1516 mutandoque,
740 1461 942 1500 ostenderat
959 1459 1069 1500 latera
1087 1462 1178 1500 circa
1196 1474 1430 1501 communem
1451 1458 1622 1512 angulum
1642 1457 1928 1513 parallelogram-

462 1546 608 1574 morum
632 1527 920 1585 proportionalia
946 1527 1026 1577 effe,
1058 1529 1264 1569 immediate
1294 1526 1511 1569 concludere
1538 1525 1706 1580 potuiffet
1726 1527 1936 1581 proportio-

464 1600 560 1643 nalia
584 1599 653 1641 effe
672 1598 784 1639 latera
807 1598 898 1638 circa
921 1595 1076 1651 reliquos
1095 1596 1245 1652 angulos
1269 1595 1446 1651 aequaleS,
1470 1610 1541 1649 ope
1563 1594 1693 1637 scilicet
1714 1598 1824 1649 Prop.
1852 1608 1926 1648 34.

464 1669 549 1715 Lib.
579 1683 593 1709 1
607 1700 615 1708 .
637 1681 672 1709 et
690 1671 799 1721 Prop.
829 1680 870 1718 7.
896 1665 979 1705 Lib.
999 1679 1037 1715 5.
1075 1666 1219 1707 Verum
1243 1665 1300 1706 ille
1319 1666 1390 1705 hoc
1410 1663 1594 1719 negligens
1612 1666 1728 1719 pergit
1746 1664 1931 1704 ostendere

464 1737 648 1794 triangula
669 1750 704 1777 ct
728 1734 1062 1790 parallelogramma
1086 1734 1320 1789 acquiangula
1344 1732 1424 1782 ess'c,
1455 1745 1490 1773 et
1522 1732 1635 1787 longo
1665 1734 1824 1780 circuitu,
1861 1747 1932 1786 ope

465 1811 574 1862 Prop.
601 1820 645 1860 4.
670 1806 786 1861 huju&
819 1816 855 1845 et
882 1818 957 1843 22.
983 1804 1067 1844 Lib.
1092 1817 1130 1853 5.
1157 1803 1342 1844 concludit
1372 1817 1447 1842 rem
1479 1802 1644 1842 eandem.
1699 1800 1939 1842 manifestum,

468 1888 658 1931 propterea
676 1876 723 1915 est
742 1875 836 1914 hanc
855 1872 974 1914 inscite
992 1871 1125 1913 sanam
1145 1873 1487 1913 demonstrationem
1501 1872 1649 1910 minime
1669 1870 1830 1911 Euclidis
1849 1869 1929 1910 effe.

469 1944 655 1999 superfluis
684 1945 790 1999 igitur
820 1943 966 1997 rejectiS,
1003 1943 1345 1983 demonstrationem
1376 1939 1628 1993 simpliciorem
1659 1940 1824 1979 dedimus
1862 1953 1934 1992 ope

472 2018 548 2068 4me
566 2014 680 2068 hujus,
699 2013 851 2053 eandem
876 2010 1004 2051 scilicet
1027 2026 1135 2065 quam
1156 2011 1328 2065 praebent
1351 2010 1492 2049 codices
1507 2008 1655 2048 Arabici
1674 2023 1743 2062 ope
1766 2003 1847 2047 2dae
1865 2009 1934 2048 hu-

467 2084 525 2137 jus
548 2094 583 2122 et
605 2082 880 2136 componend03
916 2082 954 2120 in
972 2078 1067 2121 hisce
1085 2093 1205 2120 autem
1224 2080 1439 2133 permutatio
1457 2076 1656 2131 negligitur,
1676 2092 1794 2131 neque
1817 2075 1932 2130 paral-

468 2150 709 2205 lelogramma,
727 2150 959 2206 aequi-angula
985 2148 1053 2191 effe
1077 2150 1322 2200 ostenduntur,
1367 2148 1475 2203 quod.
1490 2147 1687 2200 Tyronum
1712 2146 1822 2201 gratia
1846 2143 1933 2185 faci—

472 2221 610 2262 endum
634 2217 713 2260 fuit.

1599 2282 1768 2322 PROP.
1805 2281 1931 2322 XXV.
