2111 2755
432 195 716 243 LIBER
776 193 1232 261 QUINTUS.

110 306 180 345 que
210 288 394 342 multiplex
425 291 473 328 est
504 288 608 341 ipsius
638 291 709 328 FD
742 299 848 340 atque
879 289 947 327 AB
977 285 1080 340 ipsius
1111 288 1194 326 CD.
1267 287 1389 339 Qare
1419 286 1445 327 si
1479 287 1550 328 ἃς.

108 361 165 412 Q
187 361 234 398 Ε.
259 360 310 397 D.

529 450 700 488 PROP.
738 450 803 486 VI.
877 447 1110 486 THEOR.

109 556 202 658 SI
248 556 362 601 duae
402 552 735 616 magnitudines
771 550 963 596 duarum
1004 551 1372 613 magnitudinum
1411 567 1551 614 aeque

216 621 486 684 multiplices
511 619 610 676 sint,
648 635 694 665 et
729 617 904 664 ablatae
940 619 1162 680 quaedam
1199 617 1285 664 fint
1308 621 1552 667 earundem

107 710 247 755 aeque
271 690 563 752 multiplices;
605 700 736 733 erunt
762 700 808 731 et
831 685 1027 749 reliquae
1050 685 1120 732 vel
1143 686 1307 733 eisdem
1332 687 1551 749 aequales,

107 761 175 807 vel
200 760 391 822 ipsarum
416 774 555 819 aeque
576 753 860 816 multiplices.

174 904 282 942 Duae
305 901 400 939 enim
423 897 685 952 magnitudines
704 899 783 944 AB,
807 898 879 935 CD
903 896 1051 935 duarum
1076 896 1359 949 magnitudinum
1379 898 1425 943 E,
1444 899 1475 936 F
1494 912 1551 936 ae-

105 986 174 1024 que
200 967 410 1022 multiplices
441 967 519 1014 sint,
556 978 590 1004 et
614 964 751 1003 ablatae
775 966 863 1011 AG,
889 966 961 1002 CH
986 964 1182 1002 earundem
1208 967 1254 1011 E,
1284 967 1316 1003 F
1348 963 1416 1002 sint
1440 980 1551 1019 aeque

105 1037 325 1090 multiplices.
368 1037 465 1074 Dico
483 1046 517 1073 et
540 1032 687 1086 reliquas
712 1035 793 1081 GB,
817 1035 899 1072 HD
923 1031 978 1071 vel
1000 1031 1079 1085 ipsis
1099 1034 1145 1080 E,
1165 1034 1196 1071 F
1214 1030 1372 1084 aequales
1391 1031 1470 1080 effe,
1495 1034 1550 1073 vel

106 1105 257 1160 ipsarum
281 1119 392 1156 aeque
414 1101 633 1155 multiplices.

173 1174 225 1212 Sit
254 1173 352 1210 enim
381 1172 534 1224 primum
559 1171 627 1209 (ΞΒ
658 1168 809 1222 aequalis
833 1171 886 1216 E;
923 1169 1002 1208 dico
1027 1182 1061 1208 et
1084 1171 1164 1209 HD
1188 1169 1252 1223 ipsi
1275 1172 1306 1208 F
1329 1168 1398 1209 effe
1423 1185 1550 1224 aequa-

106 1242 189 1282 lem.
225 1243 381 1279 Ponatur
398 1239 460 1291 ips1
484 1241 516 1277 F
539 1237 690 1290 aequalis
711 1240 793 1276 CK.
831 1249 864 1276 et
888 1238 1058 1291 quoniam
1082 1240 1162 1278 AG

105 1325 217 1362 acque
247 1306 434 1359 multiplex
464 1307 512 1344 est
539 1308 573 1344 E
605 1317 709 1357 atque
739 1307 810 1344 CH
841 1305 943 1357 ipsius
966 1308 1009 1352 F,
1045 1306 1163 1357 estque
1248 1302 1309 1351 A
1351 1300 1400 1340 ‘K

107 1381 176 1418 GB
202 1376 346 1430 quidem
374 1373 524 1427 aequalis
549 1376 595 1420 E,
627 1375 697 1412 CK
720 1388 806 1411 vero
833 1371 988 1425 aequalis
1013 1374 1044 1411 F
1053 1391 1062 1419 3
1098 1374 1164 1412 erit
1323 1339 1380 1428 cl

109 1448 181 1486 AB
205 1459 315 1496 aeque
339 1442 521 1496 multiplex
546 1444 580 1480 E
606 1453 711 1493 atque
734 1444 812 1480 KH
837 1441 941 1494 ipsius
965 1444 1007 1480 F.
1052 1456 1164 1494 aeque

109 1526 228 1553 autem
252 1509 436 1562 multiplex
459 1510 600 1561 ponitur
627 1512 696 1548 AB
715 1509 817 1561 ipsius
835 1511 869 1547 E
889 1521 995 1562 atque
1020 1511 1093 1548 CD
1112 1510 1163 1562 ip·
1223 1525 1263 1572 G
1327 1541 1364 1575 H

110 1583 177 1621 sius
202 1583 251 1626 F;
287 1592 373 1631 ergo
396 1580 474 1616 KH
499 1591 609 1629 aeque
631 1576 817 1629 multiplex
847 1578 895 1615 est
925 1577 1028 1629 ipsius
1052 1580 1083 1616 F
1113 1589 1164 1616 at-
1369 1560 1373 1564 ι
1448 1533 1454 1651 Ι
1522 1562 1530 1653 Ι

1686 214 1769 264 141

110 1665 180 1704 que
202 1650 275 1688 CD
298 1645 452 1699 ejusdem
476 1647 519 1683 F.
577 1643 733 1696 aequalis
762 1645 866 1697 igitur
889 1645 937 1682 cst
962 1651 975 1667 ³
999 1647 1077 1683 KH
1102 1644 1164 1696 ipsi
1261 1660 1297 1702 B
1356 1661 1398 1703 D
1426 1660 1463 1705 Ε
1498 1660 1535 1704 F
1565 1681 1590 1700 a.
1609 1674 1705 1701 1.Ax.
1721 1679 1750 1710 5·

110 1721 194 1758 CD.
255 1715 452 1754 communis
482 1711 660 1751 auferatur
688 1714 760 1750 CH
770 1730 779 1758 3
821 1726 908 1765 ergo
938 1711 1070 1765 reliqua
1095 1714 1165 1750 KC

110 1785 260 1837 reliquae
279 1785 359 1822 HD
378 1782 425 1820 est
449 1779 612 1833 aequalis.
666 1778 724 1818 sed
750 1782 818 1819 KC
843 1781 891 1818 est
910 1779 1061 1832 aequalis
1086 1781 1128 1826 F,
1154 1792 1187 1818 et
1210 1781 1292 1818 HD
1317 1780 1420 1832 igitur
1442 1778 1504 1832 ipfi
1523 1782 1554 1818 F

111 1855 159 1894 est
177 1850 336 1904 aequalis.
374 1850 400 1888 fi
418 1850 518 1902 igitur
538 1850 607 1887 GB
625 1847 687 1900 ipsi
706 1850 751 1895 E,
771 1859 802 1886 et
822 1850 903 1886 HD
927 1848 990 1900 ipsi
1010 1849 1041 1886 F
1065 1846 1216 1900 aequalis
1240 1848 1314 1885 erit.

179 1921 249 1960 Sed
274 1920 315 1958 fit
342 1920 409 1957 (ΞΒ
434 1915 616 1968 multiplex
646 1915 748 1968 ipsius
771 1918 816 1962 E,
841 1917 905 1954 crit
929 1918 1010 1954 HD
1036 1930 1145 1968 aeque
1168 1915 1353 1968 multiplex
1376 1915 1478 1968 ipsius
1502 1918 1546 1955 F.

109 1992 231 2042 Qam
256 1984 440 2038 multiplex
463 1985 557 2022 enirn
588 1985 635 2021 est
660 1985 727 2022 Gss
752 1984 854 2036 ipsius
880 1987 925 2031 E,
957 1997 1030 2022 tam
1060 1983 1245 2036 multiplex
1270 1984 1330 2023 fiat
1353 1986 1423 2023 CK
1447 1984 1551 2036 ipsius

110 2061 161 2104 F;
192 2068 226 2095 et
250 2055 418 2108 quonlam
443 2067 552 2104 aeque
576 2050 764 2103 multiplex
783 2053 830 2090 est
854 2054 929 2091 AG
956 2051 1060 2104 ipsius
1085 2054 1131 2097 E,
1156 2064 1261 2104 atque
1285 2054 1357 2091 CH
1381 2051 1485 2104 ipsius
1509 2055 1550 2099 F,

109 2140 220 2178 acque
244 2120 426 2175 multipltx
450 2132 565 2158 autem
598 2120 645 2157 est
671 2121 739 2157 GB
763 2119 864 2171 ipsius
884 2122 928 2166 E,
951 2133 1055 2172 atque
1081 2122 1151 2158 CK
1174 2120 1279 2172 ipsius
1298 2123 1341 2168 F,
1360 2121 1425 2159 erit
1445 2116 1461 2142 b
1484 2122 1551 2158 AB

115 2208 222 2246 aeque
245 2189 430 2244 multiplex
452 2188 554 2242 ipfius
579 2190 624 2235 E,
650 2199 754 2238 atque
779 2189 856 2227 KH
880 2188 983 2241 ipsius
1006 2190 1048 2227 F.
1093 2203 1204 2242 aeque
1228 2201 1345 2228 autem
1370 2186 1553 2239 multiplex

1410 2267 1554 2308 ponitur

1566 2130 1591 2149 a.
1611 2128 1638 2150 2.
1657 2128 1686 2159 5.
