2111 2755
640 197 1192 273 NOTAE..

169 294 264 334 ducit
279 291 556 340 antecedentem,
571 291 649 341 sive,
664 293 760 345 quod
775 293 901 332 eodem
915 292 1190 340 redit‚numerus
1205 303 1301 332 ortus
1315 306 1358 332 ex
1371 292 1538 335 divisione
1551 310 1614 336 an-

170 362 358 402 tecedentis
376 376 438 414 per
450 359 744 413 consequentem;
773 360 903 400 multae
922 372 1045 402 autem.
1062 359 1141 399 sunt
1155 361 1306 399 rationes
1325 360 1421 408 tales,
1441 374 1480 402 ut
1496 360 1613 404 nullus

167 444 335 469 numerus
354 430 434 468 oriri
455 429 558 482 poffit
577 444 619 468 ex
633 429 800 468 dix-issone
824 429 1060 468 antecedentis
1078 444 1139 482 per
1157 427 1428 482 consequentem
1439 448 1448 478 ;
1485 446 1539 470 ex.
1559 448 1613 486 gr.

167 499 256 537 ratio
274 513 381 551 quam
401 498 569 536 diameter
588 498 745 550 quadrati
764 496 873 536 habet
891 497 935 536 ad
955 496 1109 550 ejusdcm
1127 497 1232 544 latus;
1259 509 1294 536 et
1311 499 1401 537 ratio
1420 513 1530 552 quam
1548 500 1613 539 ha-

166 565 227 605 bet
240 564 518 605 circumferentia
534 564 653 604 circuli
667 565 710 604 ad
724 564 826 618 ipsius
840 565 1050 604 diametrum
1059 582 1068 611 ;
1092 564 1250 618 aliaeque
1263 565 1444 619 ejusmodi.
1470 569 1612 608 Praete-

164 649 221 674 rea
234 635 465 674 Definitionis
479 634 580 688 huj-us
593 634 685 686 apud
695 632 890 680 Euclidem,
903 632 1171 679 Archimedem,
1180 633 1431 685 Apollonium,
1445 635 1612 689 reliquos-

166 717 235 756 que
248 714 388 750 veteres,
402 703 462 755 qui
476 702 611 741 ratione
625 701 823 753 composita
842 699 972 753 saepius
989 712 1148 747 utuntur,
1166 700 1303 740 nullum
1318 702 1495 756 vestigium
1516 704 1612 744 inve-

164 771 268 810 nitur.
309 773 352 809 In
376 783 398 807 2
413 765 479 818 3¹³³
502 769 597 807 enim
628 764 678 806 6ti
700 767 879 807 Elementi
903 769 939 806 ln
965 782 1035 820 qua
1054 769 1209 822 primum
1229 771 1372 809 rationis
1392 771 1612 825 compositae

164 839 205 878 fit
228 838 375 885 mentio,
412 837 516 891 hujus
539 830 782 884 Definitionia,
807 851 898 890 quae
921 836 990 884 hic,
1016 836 1042 875 sl
1066 835 1175 884 ullibi,
1200 837 1386 877 necessaria
1410 838 1539 888 fuisset,
1563 855 1610 881 ne

162 906 217 946 vel
248 905 395 946 verbum
433 916 578 958 apparet
586 923 596 952 ;
631 904 784 957 legitima
815 916 934 944 autem
960 905 1137 944 Definitio
1162 904 1323 958 explicite
1345 906 1532 947 adhibetur
1555 908 1610 948 his

162 974 286 1022 verbis,
328 979 349 996 ‘⁶
374 973 430 1012 sed
456 974 545 1012 ratio
568 975 606 1012 K
630 974 674 1012 ad
699 976 746 1012 M
769 972 965 1026 composita
989 974 1038 1012 est
1062 988 1105 1012 ex
1129 974 1265 1012 ratione
1289 976 1327 1013 K
1351 975 1396 1014 ad
1420 977 1465 1024 L,
1498 988 1533 1015 et
1556 991 1611 1016 ra-

164 1048 186 1066 “
207 1044 303 1082 tione
321 1045 353 1081 L
368 1043 412 1080 ad
426 1042 507 1080 M.''
544 1041 673 1080 inutilis
698 1042 800 1095 igitur
823 1040 961 1095 prorsus
985 1053 1019 1080 et
1043 1040 1190 1081 absurda
1215 1043 1262 1081 est
1283 1042 1452 1082 Theonis
1469 1044 1612 1084 Defini-

162 1112 224 1150 tio.
286 1111 481 1150 Theonem
512 1110 606 1148 enim
639 1111 674 1148 in
699 1109 890 1149 Elementa
921 1125 999 1149 eam
1032 1109 1203 1150 induxisse
1226 1111 1283 1150 vix
1306 1110 1455 1150 dubitari
1479 1113 1610 1165 potest,

163 1191 257 1218 extat
287 1180 383 1217 enim
419 1180 455 1217 in
491 1179 752 1217 commentariis
787 1179 860 1232 ejus
895 1179 932 1217 in
968 1177 1170 1218 Ptolomaei
1206 1174 1389 1227 Μεγάλην
1425 1174 1610 1230 Σύνταξιν,

162 1262 242 1302 pag.
272 1246 345 1286 62.
371 1247 635 1294 commentarii;
670 1246 731 1286 ubi
755 1258 789 1285 et
813 1246 982 1299 puerilem
1007 1248 1112 1286 tradit
1136 1248 1210 1301 ejus
1234 1247 1519 1300 explicationem,
1539 1243 1611 1288 ut-

162 1328 247 1369 pote
265 1314 490 1354 solummodo
509 1315 556 1353 eis
575 1315 769 1353 rationibus
786 1317 1055 1354 convenientem
1072 1329 1162 1368 quae
1180 1317 1334 1354 numeris
1352 1315 1512 1355 exhiberi
1531 1315 1609 1369 pos÷

161 1383 258 1431 sunt;
294 1383 383 1436 indc-
402 1394 518 1421 autem
542 1382 587 1421 ad
611 1382 757 1421 verbum
782 1394 944 1435 excerpta
968 1384 1026 1431 est,
1051 1397 1123 1422 una
1147 1398 1230 1422 cum
1255 1383 1431 1436 praedicta
1455 1383 1608 1437 explica-

162 1453 270 1499 tione,
295 1463 329 1490 et
353 1450 452 1489 Libri
476 1449 558 1488 sexti
582 1449 861 1490 Definitionibus
885 1452 1049 1503 praefixa,
1075 1464 1113 1489 ut
1137 1452 1274 1490 constat
1296 1465 1339 1489 ex
1362 1453 1530 1506 Hervagii
1556 1455 1608 1491 E-

163 1520 308 1559 ditione.
372 1517 587 1558 Zambertus
609 1533 694 1557 vero
718 1530 753 1557 et
775 1519 1060 1557 Commandinus
1084 1519 1171 1557 haec
1196 1517 1316 1557 iisdem
1342 1519 1608 1560 definitionibus

162 1589 198 1627 in
229 1602 351 1626 eorum
378 1587 512 1625 Latinis
541 1585 755 1625 versionibus
786 1585 1013 1640 subjungunt.
1075 1590 1162 1626 Non
1194 1599 1312 1625 autern
1337 1585 1490 1640 agnoscit
1514 1588 1607 1628 hane

162 1655 421 1696 Definitionem
441 1656 658 1707 Campanus,
687 1670 763 1702 nec,
787 1666 827 1692 ut
844 1654 993 1702 videtur,
1018 1655 1156 1694 codices
1175 1654 1321 1694 Arabici
1341 1654 1468 1707 quibus
1491 1654 1548 1695 ille
1567 1672 1607 1696 u-

161 1723 215 1763 sus
239 1722 317 1762 fuit.
383 1722 522 1762 Clavius
546 1722 590 1761 ad
615 1721 706 1761 Def:
727 1735 763 1771 5.
790 1722 871 1761 Lib.
902 1722 940 1761 6.
967 1727 1057 1762 recte
1076 1723 1242 1777 judicavit
1265 1723 1527 1762 Definitionem
1552 1739 1606 1763 ra-

162 1792 266 1832 tionis
290 1790 505 1843 compofitae
528 1789 678 1843 potuisse
698 1789 828 1830 factam
854 1789 955 1830 fuisse
978 1792 1106 1830 eadem
1129 1793 1184 1830 via
1205 1807 1274 1844 qua
1293 1792 1531 1831 Definitiones
1550 1807 1606 1832 ra-

161 1860 265 1899 tionis
289 1859 496 1912 duplicatae,
520 1858 712 1911 triplicatae
736 1859 806 1898 &c.
840 1858 954 1898 factae
984 1859 1072 1906 sunt,
1105 1872 1145 1898 ut
1168 1859 1293 1899 scilicet
1328 1866 1349 1882 “
1370 1860 1605 1912 quemadmo-

162 1934 183 1951 “
209 1928 294 1966 dum
319 1927 501 1980 propositis
524 1926 679 1979 pluribus
702 1927 1004 1980 magnitudinibus
1029 1927 1361 1981 proportionalibuS,
1387 1928 1540 1980 primam
1559 1929 1604 1968 ad

161 2002 184 2020 “
209 1997 344 2035 tertiam
369 1996 454 2033 dixit
477 1993 654 2041 Euclides,
689 1993 776 2034 Def.
811 2009 879 2034 10.
906 1995 987 2034 Lib.
1019 2008 1057 2044 5.
1089 1996 1221 2035 habere
1245 1997 1514 2049 proportionem
1540 1997 1606 2036 du-

162 2071 192 2088 “·
212 2064 371 2117 plicatam
396 2064 478 2116 ejtiS,
516 2077 623 2114 quam
658 2065 770 2116 prima
806 2063 914 2102 habet
944 2065 988 2102 ad
1012 2063 1218 2111 secundeum
1254 2066 1405 2117 primam
1440 2078 1523 2104 vero
1559 2066 1603 2104 ad

161 2133 184 2158 “
208 2144 367 2185 quartam
388 2131 519 2169 habere
538 2133 805 2183 proportionem
826 2131 1033 2184 triplicatam
1058 2133 1143 2185 ejus,
1164 2148 1272 2185 quam
1291 2133 1402 2186 prima
1422 2133 1465 2171 ad
1485 2132 1603 2171 secun-

162 2206 183 2226 “
208 2201 290 2241 dam
311 2199 431 2248 habet,
455 2199 525 2239 hoc
548 2200 596 2239 est
616 2198 849 2254 compositam
870 2214 911 2240 ex
930 2200 1065 2240 duabus
1084 2213 1145 2241 aut
1163 2200 1270 2243 tribus
1287 2201 1502 2241 intermediis
1520 2215 1602 2252 pro-

1331 2275 1356 2291 “
1380 2267 1616 2322 portionibus-

1744 219 1835 272 373
