2111 2755
187 219 288 267 400

853 199 1391 250 NOTAE.

409 294 499 336 Lib.
534 306 569 331 1.
589 290 878 344 Sphaericorum‚
904 289 1066 343 explicite
1089 290 1308 330 demonstrat
1332 289 1505 345 triangula
1528 291 1708 346 sphaerica
1731 296 1824 336 inter
1842 296 1874 338 st:

415 360 629 416 aequilatera
646 358 715 399 esse
733 360 840 400 etiam
858 359 949 397 inter
967 357 1000 398 se
1018 358 1267 414 aequian'gnla3
1291 360 1388 399 unde
1405 373 1441 399 et
1459 360 1524 400 fibi
1542 374 1670 402 mutuo
1682 379 1875 419 congruere

415 429 519 471 facile
542 429 681 469 ostendi
703 429 829 482 potest,
854 427 880 466 fi
904 425 1032 467 scilicet
1055 442 1183 468 eorum
1203 428 1310 467 latera
1330 429 1460 469 eodem
1479 430 1606 470 ordine
1623 443 1658 470 et
1678 432 1744 472 situ
1762 433 1875 488 dispo-

417 499 480 539 fita
498 497 643 539 fuerint.

489 567 554 607 Ad
580 564 736 605 descetus
754 566 858 620 igitur
882 565 950 605 hos
973 563 1186 619 supplendos
1211 564 1439 605 necessarium
1472 566 1539 607 fuit
1571 580 1638 607 tres
1661 569 1878 622 Propositi'o-

417 651 480 677 nes
494 638 543 682 A,
561 637 603 683 Β,
620 637 651 674 C
666 634 749 673 huie
763 633 880 674 Libro
893 633 1053 674 inserere.
1085 634 1348 688 Propofitiones
1362 636 1457 674 enim
1478 649 1499 673 2
1507 639 1545 684 3‘
1555 643 1573 682 ¹,
1596 650 1617 674 2
1631 637 1699 685 61³,
1713 649 1747 676 et
1767 651 1789 676 2
1803 638 1878 685 8V³‚

420 718 455 746 et
477 716 665 759 propterea
690 707 775 743 offito
799 703 887 743 aliae
911 703 1017 757 hujus
1041 702 1144 742 Libri
1169 718 1258 756 quae
1283 719 1327 742 ex
1347 704 1386 742 iis
1409 705 1579 756 pendent,
1603 706 1670 744 viz.
1700 718 1774 757 27.
1806 720 1826 756 3
1846 720 1880 746 1.

425 787 501 824 32.
533 787 553 823 g
568 787 607 822 3.
634 785 722 825 34:
742 786 761 821 3
776 771 815 812 6.
847 784 919 823 37.
945 783 980 811 et
1006 785 1083 823 40.
1109 772 1253 810 infirmo
1277 773 1429 811 omnino
1447 773 1615 813 haetenus
1639 774 1882 815 innitebantur

420 842 681 887 fundamento;
705 853 744 880 ut
768 853 803 880 et
820 844 928 894 Prop.
960 841 1000 879 8.
1025 852 1095 879 12.
1119 842 1205 879 Cor.
1231 852 1300 890 17.
1321 853 1355 879 et
1369 843 1476 894 Prop.
1502 856 1515 880 1
1533 843 1572 881 8.
1592 842 1675 882 Lib.
1699 857 1712 882 1
1729 856 1769 882 2.
1791 844 1883 897 quae

421 912 581 967 pendent
600 925 644 951 ex
662 910 886 949 Definitione
919 914 994 961 9¹¹³.
1033 908 1162 962 figuras
1185 909 1281 947 enim
1301 907 1428 948 solidas
1447 924 1540 963 quae
1563 909 1678 963 planis
1701 911 1883 960 similibus,

420 979 649 1021 multitudine
672 991 708 1018 et
731 977 976 1033 magnitudine
998 976 1207 1030 aequalibus
1231 978 1471 1025 continentur,
1502 991 1543 1018 ut
1574 990 1609 1018 et
1630 978 1781 1034 angulos
1804 980 1886 1021 soli-

423 1051 489 1091 dos
513 1049 575 1102 qui
598 1046 801 1101 aequalibus
831 1058 868 1085 et
897 1045 1019 1085 iisdem
1042 1061 1196 1085 numero
1218 1045 1334 1100 planis
1364 1045 1503 1100 angulis
1531 1049 1772 1098 continentur,
1807 1046 1886 1090 nori

423 1118 560 1172 semper
584 1117 675 1156 inter
693 1115 726 1156 se
746 1114 910 1170 aequales
929 1113 1009 1163 esse,
1034 1114 1210 1155 ostensum
1236 1116 1284 1154 est
1308 1117 1345 1154 in
1369 1117 1477 1155 Notis
1502 1116 1547 1156 ad
1568 1115 1658 1171 Def.
1687 1129 1702 1158 1
1717 1132 1757 1157 0.
1781 1118 1886 1173 hujus

422 1187 538 1228 Libri.

492 1253 770 1296 Observandum
790 1254 838 1292 est
857 1253 1045 1294 Andrean]
1064 1253 1231 1307 Tacquet
1254 1253 1290 1293 in
1309 1253 1462 1293 Euclide
1480 1252 1542 1293 suo
1566 1255 1714 1295 definire
1738 1254 1888 1310 angulos

424 1325 554 1366 solidos
577 1321 741 1375 aequales
765 1321 845 1370 effe,
871 1327 892 1345 “
907 1323 968 1375 qui
992 1323 1083 1361 intra
1106 1323 1256 1362 invicem
1281 1323 1385 1376 pofiti
1407 1325 1648 1377 congruunt.”
1689 1324 1889 1378 Propofitio

425 1405 547 1435 autem
565 1391 655 1430 haee
673 1404 749 1429 non
773 1392 822 1430 est
841 1392 1018 1430 Definitio
1042 1390 1100 1429 sed
1115 1391 1274 1430 Axioma
1284 1409 1293 1438 ;
1328 1405 1408 1430 vera
1426 1392 1523 1431 enim
1542 1393 1590 1431 est
1609 1393 1652 1431 de
1670 1393 1889 1447 magnitudi—

427 1462 532 1503 nibus
556 1457 834 1512 quibuscunque.
886 1458 1001 1511 posuit
1023 1470 1143 1498 autem
1168 1460 1432 1498 Definitionem
1456 1459 1550 1498 hanc
1574 1460 1738 1500 inutilem
1756 1473 1797 1501 ut
1819 1475 1891 1514 ope

429 1533 504 1587 ejus
528 1527 787 1568 demonstraret
811 1529 918 1580 Prop.
946 1526 1019 1575 36.
1045 1526 1149 1579 hujus
1173 1526 1274 1566 Libri
1298 1527 1372 1566 fine
1396 1541 1465 1580 ope
1488 1530 1597 1582 Prop.
1629 1541 1695 1579 35.
1720 1529 1890 1584 ejusdem.

431 1601 476 1641 de
500 1612 573 1653 qua
597 1596 900 1636 demonstratione
922 1595 1002 1634 vide
1025 1595 1164 1634 Notam
1189 1595 1235 1634 ad
1258 1598 1364 1649 Prop.
1392 1609 1412 1645 3
1426 1595 1466 1635 6.

821 1709 994 1748 PROP.
1032 1709 1212 1748 XXVIII.
1285 1709 1397 1747 LIB.
1434 1710 1502 1747 XI.

504 1807 550 1844 In
575 1802 642 1841 hae
668 1800 807 1839 ostendi
833 1799 955 1840 debuit
985 1799 1190 1854 diagonalcs
1223 1799 1292 1839 effe
1327 1801 1364 1839 in
1396 1814 1472 1839 uno
1496 1799 1618 1854 planO‚
1653 1816 1731 1842 non
1753 1801 1889 1844 assumi.

431 1872 612 1914 defeetum
637 1870 736 1910 hunc
762 1866 933 1924 supplevit
956 1868 1108 1909 Clavius.

837 1983 1006 2021 PROP.
1044 1982 1187 2021 XXIX.
1260 1983 1368 2021 LIB.
1406 1984 1473 2021 XI.

502 2077 621 2131 Hujus
633 2075 891 2129 Propofitionis
911 2086 977 2114 tres
996 2074 1073 2114 sunt
1091 2072 1204 2123 casus;
1241 2075 1373 2127 primus
1391 2073 1518 2115 scilicet
1536 2077 1573 2115 in
1594 2090 1668 2128 quo
1687 2075 1762 2116 dno
1779 2074 1894 2130 p'aral-

431 2144 670 2199 lelogramma
695 2144 768 2184 bafi
786 2147 854 2184 AB
873 2144 1035 2198 opposita
1059 2143 1149 2183 latus
1167 2143 1303 2183 habent
1323 2159 1519 2184 commune
1530 2162 1540 2192 ;
1575 2144 1745 2185 secundus
1763 2147 1800 2185 in
1819 2159 1893 2199 quo

431 2212 764 2269 parallelogramma
786 2214 874 2253 haec
900 2228 921 2253 a
946 2212 980 2254 se
1006 2213 1158 2253 invicem
1183 2211 1338 2266 separata
1364 2211 1453 2263 sunt,
1478 2225 1513 2253 et
1532 2215 1651 2254 tertius
1677 2215 1714 2253 in
1733 2229 1806 2268 quo
1830 2214 1894 2253 ha-

1807 2281 1895 2324 bent
