2111 2755
422 180 706 230 LIBER
765 178 1221 246 QUINTUS.

169 278 368 326 secundam,
392 290 427 317 et
451 278 584 316 ratione
607 275 777 315 secundae
801 273 846 313 ad
870 274 1021 320 tertiam,
1053 285 1089 312 et
1112 274 1154 312 est
1181 286 1288 326 quam
1312 269 1420 312 habet
1443 274 1542 313 tertia

169 348 218 406 acl
239 359 417 401 quartam,
441 357 475 384 et
499 346 547 384 ita
572 345 734 397 deinceps
760 340 868 396 usque
894 341 937 380 ad
963 340 1137 381 ultimam.

102 420 252 469 Exemp.
273 429 323 469 gr.
344 414 410 454 smt
429 414 684 467 magnitudines
697 415 745 459 A,
764 413 806 458 B,
823 413 866 458 C,
882 413 933 457 D,
951 411 1064 463 prima
1077 412 1114 449 A
1132 407 1265 448 habere
1283 409 1406 449 dicitur
1423 409 1468 448 ad
1487 408 1542 449 ul-

166 485 291 524 timam
309 485 348 522 D
372 483 544 522 rationem
567 480 799 531 compositam
818 493 861 516 ex
884 478 1021 516 ratione
1039 477 1141 529 ipstus
1163 479 1201 516 A
1221 477 1265 516 ad
1283 480 1324 525 Β,
1348 489 1383 516 et
1405 478 1542 518 ratione

164 555 194 593 B
214 553 258 591 ad
277 553 321 598 C,
340 562 374 589 et
392 550 526 588 ratione
544 550 575 586 C
595 547 639 585 ad
658 549 708 585 D.
744 544 798 584 vel
822 545 911 583 ratio
933 547 972 583 A
991 545 1036 583 ad
1055 547 1094 583 D
1114 545 1237 584 dicitur
1256 544 1450 599 composita
1473 544 1542 587 effe

168 635 212 660 ex
229 617 421 659 rationibus
435 619 471 656 A
484 616 529 654 ad
546 617 588 662 Β,
613 617 643 653 Β
662 614 706 653 ad
725 615 767 661 C,
794 624 828 652 et
850 614 882 651 C
907 611 952 650 ad
971 613 1023 650 D.

98 691 136 731 Si
158 689 261 743 igitur
284 687 372 726 ratio
394 687 431 724 A
456 684 502 723 ad
524 686 566 730 B,
601 682 726 721 cadem
750 681 790 720 fit
813 680 940 719 rationi
964 682 999 718 E
1025 679 1069 719 ad
1094 681 1144 726 F;
1180 691 1214 719 et
1246 681 1334 720 ratio
1364 683 1395 719 B
1425 683 1469 721 ad
1497 685 1541 732 C,

167 757 292 796 eadem
316 752 421 792 fuerit
444 751 570 790 rationi
590 752 627 789 G
648 749 692 789 ad
710 751 750 788 H
759 766 768 796 3
803 760 838 787 et
861 748 949 787 ratio
972 750 1003 787 C
1028 748 1072 787 ad
1092 750 1130 786 D
1149 748 1274 787 eadem
1298 750 1424 788 rationi
1442 751 1480 789 K
1496 751 1541 790 ad

164 827 217 871 L;
251 825 289 863 A
306 821 351 861 ad
372 823 411 860 D
425 818 558 859 habere
575 818 698 857 dicitur
722 818 895 856 rationem
919 816 1154 870 compositam
1177 831 1220 855 ex
1238 816 1432 856 rationibus
1451 833 1541 870 quae

164 891 289 932 eadem
312 888 391 929 sunt
414 887 610 928 rationibus
629 889 663 925 E
686 887 730 925 ad
756 889 797 932 F,
822 888 860 924 G
880 885 923 924 ad
942 887 994 932 H,
1019 897 1052 924 et
1077 887 1114 924 K
1134 885 1179 923 ad
1202 887 1246 924 L.
1295 885 1463 938 idemque
1486 887 1541 925 in-

164 959 329 1013 telligitur
348 956 504 1011 quando,
529 955 702 994 brevitatis
726 955 846 1008 gratia,
867 953 992 992 dicitur
1015 955 1052 992 A
1072 953 1117 992 ad
1142 955 1182 991 D
1208 952 1340 993 habere
1363 954 1540 994 rationem

164 1026 399 1080 compositam
417 1039 461 1063 ex
477 1023 672 1063 rationibus
686 1025 720 1062 E
740 1023 784 1061 ad
802 1025 844 1069 F,
864 1024 902 1061 G
919 1021 963 1060 ad
977 1024 1028 1069 H,
1047 1033 1081 1060 et
1094 1024 1133 1060 K
1146 1021 1191 1060 ad
1204 1023 1249 1060 L.

97 1095 273 1142 Similiter,
292 1094 318 1132 fi
335 1094 422 1133 ratio
440 1095 487 1132 M
506 1092 551 1131 acl
569 1094 606 1130 N
631 1092 756 1130 eadem
775 1090 815 1129 fit
838 1091 964 1129 rationi
976 1092 1014 1129 A
1032 1089 1076 1128 ad
1089 1091 1140 1136 D,
1158 1088 1445 1142 praecedentibus
1463 1105 1538 1130 ma-

166 1162 343 1210 nentibus‚
368 1160 541 1200 brevitatis
563 1161 683 1214 gratia,
715 1159 841 1198 dicitur
864 1159 953 1198 ratio
971 1160 1019 1197 M
1043 1159 1087 1197 ad
1111 1160 1148 1196 N
1175 1158 1300 1197 eadem
1323 1156 1392 1198 effe
1414 1159 1540 1199 rationi

165 1230 380 1285 compositae
406 1244 449 1269 ex
472 1227 666 1268 rationibus
692 1230 726 1267 E
751 1227 795 1267 ad
819 1230 862 1274 F,
889 1229 927 1266 G
946 1226 991 1266 ad
1009 1228 1061 1274 H,
1085 1238 1119 1265 et
1137 1228 1175 1265 K
1200 1226 1245 1265 ad
1268 1229 1314 1265 L.

773 1297 861 1334 XII.

97 1367 328 1423 Homologae
362 1366 634 1421 magnitudines,
672 1365 710 1403 in
733 1361 1067 1417 proportionalibuS,
1099 1361 1264 1401 dicuntur
1295 1362 1540 1403 antecedentes

166 1437 310 1490 quidem
336 1433 631 1481 antecedentibus,
663 1445 698 1472 et
715 1431 965 1485 consequentes
983 1429 1289 1483 consequentibus.

99 1512 109 1531 ⁸
127 1503 324 1545 Vocabulis
347 1501 580 1554 sequentibus,
603 1501 697 1554 apud
717 1503 930 1540 Geometras
948 1511 1077 1539 veteres
1098 1499 1323 1552 designantur
1340 1500 1439 1539 modi
1464 1501 1540 1552 qui-

167 1578 178 1595 ‘
199 1573 283 1611 dam
302 1569 462 1609 mutandi
485 1569 552 1607 five
569 1570 742 1616 ordinem,
762 1568 829 1607 five
847 1567 1128 1621 magnitudinem
1144 1567 1474 1622 proportionalium,
1494 1568 1540 1606 ita

169 1645 178 1663 ‘
199 1653 318 1679 tamen
339 1651 378 1677 ut
395 1635 673 1690 proportionales
696 1636 886 1675 maneant.'

761 1706 866 1743 XIII.

99 1768 292 1822 Εναλλσῖξ,
321 1775 343 1813 i.
369 1789 399 1813 e.
430 1773 671 1813 Permutando
686 1790 695 1819 3
731 1772 801 1811 hoc
831 1771 1010 1811 vocabulo
1040 1783 1185 1810 utuntur
1215 1771 1360 1824 quando
1390 1783 1541 1825 quatuor

166 1844 245 1884 stmt
262 1842 551 1896 proportionales,
575 1853 609 1880 et
631 1839 854 1879 concluditur
878 1839 946 1879 esse
971 1852 1010 1879 ut
1033 1841 1146 1893 prima
1173 1839 1217 1878 ad
1245 1841 1394 1887 tertiam,
1419 1840 1465 1878 ita
1489 1839 1538 1879 se-

167 1912 285 1953 cunda
308 1911 354 1950 ad
378 1923 538 1963 quartam
544 1927 555 1958 5
589 1920 627 1948 ut
651 1907 824 1948 ostensum
849 1909 896 1947 est
920 1910 956 1948 in
976 1912 1080 1961 Prop.
1114 1922 1127 1947 1
1145 1907 1183 1946 6.
1204 1907 1304 1947 Libri
1327 1909 1433 1963 hujus
1456 1909 1520 1957 5ti.

764 1979 867 2015 XIV.

100 2042 305 2094 Ανσῖπαλιν,
340 2045 568 2092 Invertendo;
604 2045 749 2097 quando
781 2057 930 2098 quatuor
956 2045 1033 2084 sunt
1067 2044 1361 2097 proportionales,
1395 2057 1430 2083 et
1457 2059 1543 2084 con—

169 2116 318 2156 cluditur
341 2113 409 2155 effe
432 2126 472 2154 ut
493 2112 642 2154 secunda
667 2113 710 2152 ad
730 2114 892 2166 primam,
917 2114 962 2153 ita
982 2125 1104 2167 quarta
1122 2113 1167 2153 ad
1187 2115 1334 2154 tertiam.
1373 2116 1480 2165 Prop.
1495 2115 1535 2151 B.

171 2184 253 2225 Lib.
277 2197 315 2234 5.

1368 2242 1539 2295 Συνθέντι,

1679 197 1764 248 133
