2111 2755
431 199 717 249 LIBER
776 200 1233 265 QUINTUS.

101 294 176 332 EH
200 300 342 345 quartae
367 293 408 330 F.
446 293 543 331 Dico
565 292 718 345 primam
743 305 814 330 una
837 305 921 330 cum
945 293 1067 345 quinta
1084 291 1128 331 sc.
1149 294 1237 341 AG,
1256 289 1426 332 secundae
1444 294 1476 332 C
1494 307 1550 332 ae-

102 376 172 414 que
195 359 427 413 multiplicem
453 359 532 407 esse,
565 375 606 399 ac
636 360 773 399 tertiam
796 374 868 398 una
892 374 974 398 cum
997 358 1089 400 sexta
1151 393 1204 441 A
1337 370 1380 413 D

101 428 144 468 sc.
166 431 245 468 DH
272 441 417 481 quartae
436 431 479 467 F.

169 498 356 549 Qoniam
375 497 472 535 enim
494 497 563 534 AB
583 510 692 546 aeque
711 493 900 546 multiplex
918 496 966 534 est
984 495 1088 548 ipsius
1340 504 1379 546 Ε

99 568 141 613 C,
170 580 210 604 ac
238 567 312 604 DE
336 563 439 617 ipsius
463 566 494 602 F
508 580 517 609 ;
553 573 641 615 quot
665 562 925 614 magnitudInes
949 561 1028 600 sunt
1052 564 1087 601 in
1110 551 1147 594 Β
1186 564 1194 572 ’

97 636 164 674 ΑΒ
189 631 348 686 aequales
371 634 414 679 C,
439 642 493 669 tot
516 641 618 669 erunt
642 642 676 668 et
700 631 735 668 iu
762 631 835 668 DE
860 628 1019 682 aequales
1042 632 1085 668 F.
1106 680 1112 687 ‚

99 702 222 741 eadem
247 701 381 740 ratione
413 711 448 738 et
472 710 559 751 quot
582 697 661 735 suut
691 698 727 735 in
751 699 821 735 BG
854 696 1016 749 aequales
1042 699 1083 745 C,
1117 718 1164 766 G
1229 678 1286 773 Cl
1336 729 1392 774 H
1453 665 1518 766 Fi

99 782 152 809 tot
176 781 211 808 et
233 770 269 807 in
294 770 368 806 ΕΗ
393 777 494 805 erunt
512 763 672 818 aequales
690 767 733 803 F.
780 776 868 817 quot
890 765 993 818 igitur
1010 764 1088 804 sunt

94 838 132 876 in
156 847 230 876 tota
248 838 325 875 AG
345 832 506 887 aequales
523 836 567 880 C,
586 845 639 871 tot
658 844 761 871 crunt
780 845 814 871 et
831 833 868 871 in
889 844 962 871 tota
977 835 1057 873 DH
1072 833 1232 887 aequales
1251 837 1294 873 F.
1331 850 1416 890 ergo
1434 852 1545 890 quarn

95 903 280 957 multiplex
303 905 351 943 est
371 905 448 943 AG
471 902 574 956 ipsius
598 903 629 940 C
653 913 726 940 tam
750 899 937 954 multiplex
959 902 1008 940 est
1032 914 1066 941 et
1078 905 1159 942 DH
1178 902 1282 956 ipsius
1300 905 1343 943 F.
1382 916 1416 944 et
1434 906 1548 959 prima

96 974 199 1027 igitur
222 987 293 1012 una
324 987 407 1011 cum
437 971 562 1025 quinta
586 971 662 1009 AG
687 967 855 1008 secundae
885 971 916 1008 C
952 984 1063 1022 aeque
1092 970 1185 1010 mul-
1379 988 1436 1033 D¹

94 1040 204 1094 tiplex
240 1042 314 1088 erit,
364 1055 403 1079 ac
450 1040 550 1078 tertia
586 1052 667 1077 cum
708 1035 801 1076 sexta
839 1039 920 1076 DH
956 1050 1098 1091 quartae
1139 1041 1181 1078 F.
1212 1065 1258 1105 Α

89 1111 216 1162 Qare
241 1109 313 1147 εις.
369 1109 427 1159 Q
443 1109 488 1146 E.
514 1109 565 1145 D.
1377 1094 1414 1141 E

163 1179 272 1217 COR.
296 1177 395 1215 Hinc
419 1174 573 1228 sequitur
597 1174 623 1213 fi
647 1172 778 1213 fuerint
796 1187 1026 1229 quotcunque
1044 1177 1182 1230 magni·
1214 1164 1251 1206 Β

14 1273 18 1280 =
95 1246 233 1285 tudines
257 1247 338 1291 AB,
362 1246 444 1291 BG,
470 1246 550 1283 GH
581 1241 789 1295 multiplices
814 1243 917 1295 ipsius
943 1246 998 1291 C;
1035 1259 1074 1283 ac
1100 1245 1182 1283 toti-
1362 1248 1419 1295 K

94 1314 178 1353 dem
198 1315 284 1361 DE,
305 1314 389 1359 EK,
410 1313 482 1351 KL
502 1326 613 1364 aeque
636 1310 843 1363 multiplices
866 1311 971 1363 ipfius
994 1314 1038 1359 F,
1063 1311 1181 1364 fingu-
1217 1293 1254 1329 G

67 1399 71 1404 ¹
96 1380 150 1422 lae
181 1380 409 1436 singularum,
446 1391 547 1419 erunt
576 1393 702 1418 omnes
733 1379 866 1431 priores
896 1378 998 1418 fimul
1029 1378 1073 1418 sc.
1110 1378 1180 1432 ipsa

93 1452 173 1490 AH
197 1450 300 1502 ipfius
323 1452 354 1489 C
381 1463 490 1501 aeque
513 1446 712 1500 multiplex,
748 1462 789 1487 ac
819 1461 945 1486 omnes
973 1448 1179 1501 posteriores
1343 1423 1350 1483 l
1500 1417 1507 1483 l

96 1515 198 1556 simul
219 1515 263 1557 sc.
288 1515 359 1571 ipsa
377 1518 450 1557 DL
472 1515 576 1570 ipsius
595 1517 638 1555 F.
1211 1490 1255 1529 H
1325 1491 1363 1535 C
1396 1490 1439 1536 L
1470 1491 1517 1536 F

503 1678 670 1719 PROP.
707 1679 776 1716 III.
848 1677 1082 1716 THEOR.

101 1785 194 1887 SI
230 1783 373 1846 prima
407 1782 624 1830 secundae
666 1799 806 1845 aeque
848 1781 1088 1843 multiplex
1129 1781 1267 1828 fuerit
1308 1798 1360 1830 ac
1405 1785 1535 1833 tertia

207 1868 411 1914 quartae3
445 1852 677 1899 sumantur
709 1866 861 1898 autem
896 1867 1036 1912 aeque
1066 1849 1338 1912 multiplices
1369 1853 1540 1914 primae

95 1936 142 1969 et
166 1920 344 1978 tertiae3
384 1920 469 1967 erit
492 1934 539 1967 et
562 1937 617 1967 ex
641 1920 828 1983 aequali,
861 1921 1141 1981 sumptarum
1168 1934 1359 1983 utraque
1381 1922 1538 1968 utrius·

96 2007 184 2053 que
208 2006 349 2052 aeque
372 1988 625 2052 multiplex,
653 1989 791 2037 altera
815 1989 1000 2052 quidem
1024 1988 1253 2047 secundae,
1279 1989 1418 2038 altera
1434 2007 1537 2038 vero

95 2072 290 2122 quartae.

163 2202 279 2242 Prima
303 2198 398 2241 enim
415 2202 453 2241 A
472 2198 642 2242 secundae
660 2204 690 2242 B
707 2209 817 2256 aeque
836 2200 1020 2256 multiplex
1039 2201 1080 2242 fit
1099 2215 1138 2242 ac
1156 2202 1257 2241 tertia
1274 2203 1305 2241 C
1324 2203 1516 2254 quartaeD
1526 2218 1536 2248 ;

801 2272 824 2310 S
1503 2281 1538 2310 et

1684 220 1771 270 137
