2111 2755
323 209 417 277 136

344 931 442 960 2.Ax.
458 935 528 960 2.1.

698 204 1093 258 EUCLIDIS
1138 202 1799 258 ELEMENTORUM

540 315 649 356 quam
671 298 861 352 multiplex
884 299 932 337 est
955 300 1024 338 AB
1048 296 1153 350 ipsius
1178 298 1226 344 E,
1257 307 1331 335 tam
1354 294 1568 351 multiplices
1590 298 1658 339 effe
1680 313 1716 341 et
1742 303 1824 350 AB,
1851 301 1923 341 CD
1946 299 1988 339 fi-

542 369 617 410 mul
640 366 791 422 ipsarum
817 370 863 414 E,
888 369 919 406 F
944 365 1058 405 simul.

610 438 798 489 Quoniam
821 436 917 474 enim
947 438 1015 475 AB
1041 449 1153 488 aeque
1176 432 1363 488 multiplex
1385 435 1434 473 est
1457 434 1561 488 ipsius
1583 436 1630 482 E,
1657 449 1698 475 ae
1720 438 1793 477 CD
1815 437 1919 492 ipsius
1941 439 1991 484 F;

543 518 635 560 quot
658 505 921 558 magnitudines
945 503 1025 543 sunt
1047 505 1084 543 in
1103 505 1171 543 AB
1197 502 1359 557 aequales
1382 502 1445 556 ipsi
1462 506 1508 551 E,
1528 515 1581 542 tot
1604 516 1709 544 erunt
1732 517 1767 545 et
1789 507 1826 546 in
1843 509 1914 547 CD
1935 520 1992 546 ae-

545 573 665 628 quales
689 573 752 627 ipfi
771 575 814 612 F.
875 573 1047 612 dividatur
1064 574 1134 612 AB
1158 572 1302 625 quidem
1320 573 1357 611 in
1375 583 1489 625 partes
1508 571 1571 625 ipfi
1592 575 1625 611 E
1646 587 1704 612 ae-

544 641 675 696 quales,
699 657 790 696 quae
813 641 882 681 sint
903 644 994 689 AG,
1020 643 1110 687 GB;
1147 643 1220 680 CD
1244 654 1327 678 vero
1351 641 1388 678 in
1411 652 1526 693 partes
1544 640 1704 693 aequales
1743 626 1796 676 A

545 711 608 765 ipfi
627 714 671 759 F,
690 709 851 750 videlicet
868 712 953 757 CH,
977 712 1070 749 HD.
1123 710 1187 748 erit
1209 709 1314 762 igitur
1337 708 1529 748 multitudo
1552 711 1704 761 partium
1740 739 1790 786 G

547 782 633 828 CH,
647 782 730 819 HD
749 777 902 832 aequalis
926 777 1144 818 multitudini
1167 776 1320 831 ipsarum
1338 780 1430 824 AG,
1452 779 1532 816 GB.
1566 789 1600 816 et
1615 793 1705 831 quo-

544 849 643 888 niam
661 850 742 888 AG
756 848 804 887 est
822 846 973 900 aequalis
985 850 1030 895 E,
1050 861 1084 886 et
1096 848 1169 885 CH
1187 844 1342 898 aequalis
1361 849 1410 891 F;
1440 858 1541 884 erunt
1560 858 1595 884 et
1612 849 1704 894 AG,
1748 833 1789 884 Β

546 920 632 966 CH,
657 915 818 970 aequales
837 922 851 939 ²
875 916 953 969 ipsis
974 918 1021 963 E,
1046 918 1088 954 F.
1139 914 1264 954 eadem
1288 914 1424 953 ratione
1443 914 1615 966 quoniam
1636 916 1706 953 GB

545 989 594 1028 est
612 984 765 1039 aequalis
785 987 832 1031 E,
857 997 891 1023 et
914 987 995 1023 HD
1019 983 1083 1036 ipsi
1102 985 1151 1030 F;
1187 994 1291 1021 erunt
1309 984 1389 1029 GB,
1411 984 1494 1021 HD
1515 982 1675 1035 aequales
1692 989 1706 1005 ²

545 1055 625 1110 ipsis
644 1057 690 1102 E,
710 1056 752 1094 F.
796 1065 885 1106 quot
910 1050 989 1092 sunt
1014 1053 1130 1105 itaque
1156 1052 1192 1090 In
1211 1053 1278 1090 AB
1304 1050 1468 1104 aequales
1492 1050 1556 1104 ipsi
1580 1053 1628 1098 E,
1654 1063 1706 1091 tot
1743 1068 1786 1108 H

546 1124 629 1164 sunt
655 1135 690 1163 et
713 1124 750 1162 in
778 1124 862 1170 AB,
895 1123 969 1161 CD
994 1119 1157 1175 aequales
1183 1119 1261 1173 Ipsis
1291 1122 1336 1167 E,
1361 1122 1404 1159 F.
1469 1122 1571 1174 Ergo
1596 1135 1707 1173 quam

1878 725 1916 773 E

1874 933 1934 1095 ‚fl

546 1191 736 1246 multiplex
763 1192 812 1230 est
835 1192 902 1230 AB
927 1190 1030 1244 ipsius
1049 1192 1095 1237 E,
1122 1202 1195 1229 tam
1220 1187 1428 1242 multiplices
1453 1200 1556 1228 erunt
1574 1200 1608 1228 et
1626 1191 1706 1237 AB,
1746 1200 1794 1248 D

546 1264 621 1302 CD
644 1259 748 1300 fimul
768 1258 918 1313 ipsarum
937 1262 982 1307 E,
1008 1261 1039 1298 F
1063 1257 1177 1298 simul.

615 1330 652 1369 Si
677 1330 781 1382 igitur
804 1327 935 1366 fuerint
972 1340 1205 1380 quotcunque
1235 1327 1494 1380 magnitudines
1524 1338 1755 1379 quotcunque
1785 1328 2001 1380 magnitudi-

547 1413 650 1445 num,
675 1395 873 1450 aequalium
896 1410 1059 1443 numero,
1084 1395 1238 1448 singulae
1257 1393 1473 1448 singularum
1499 1409 1610 1448 aeque
1634 1393 1863 1447 multiplices;
1887 1411 2000 1449 quam

546 1464 736 1520 multiplex
766 1465 814 1503 est
844 1479 913 1503 una
944 1464 1155 1517 magnitudo
1185 1463 1299 1510 unius,
1340 1474 1415 1502 tam
1445 1462 1654 1516 multiplices
1681 1475 1784 1502 erunt
1809 1475 1844 1502 et
1874 1479 2000 1504 omnes

548 1535 725 1575 omnium.
763 1532 889 1572 eadem
909 1533 1006 1571 enim
1030 1531 1284 1571 demonstratio
1311 1542 1406 1570 tenet
1428 1531 1465 1570 in
1492 1544 1724 1585 quotcunque
1746 1532 2002 1586 magnitudini-

549 1603 628 1644 bus.
676 1603 798 1655 QE
820 1603 871 1640 D.

986 1694 1155 1732 PROP.
1193 1694 1242 1731 II.
1315 1693 1552 1732 THEOR.

552 1800 646 1904 SI
670 1799 814 1863 prima
838 1799 1055 1845 secundae
1078 1816 1219 1861 aeque
1241 1797 1482 1859 multiplex
1500 1797 1642 1844 fuerit
1660 1813 1712 1844 ac
1727 1796 1858 1844 tertia
1872 1814 2001 1861 quar-

666 1885 753 1926 tae,
779 1868 918 1915 fuerit
942 1883 1097 1914 autem
1116 1882 1163 1913 et
1187 1867 1345 1930 quinta
1368 1867 1585 1913 secundae
1603 1883 1743 1929 aeque
1762 1866 2003 1930 multiplex

549 1957 601 1987 ac
625 1939 748 1985 sexta
773 1951 978 2001 quartae3
1004 1936 1088 1983 erit
1112 1935 1249 1982 etiam
1270 1936 1414 1998 prima
1433 1952 1522 1981 una
1546 1951 1653 1981 cum
1678 1934 1837 1997 quinta
1853 1936 2003 1985 secun-

551 2009 635 2055 dae
659 2025 800 2071 aeque
825 2005 1065 2069 multiplex
1090 2023 1142 2052 ac
1165 2005 1297 2051 tertia
1323 2022 1426 2051 cum
1453 2005 1577 2050 sexta
1601 2019 1800 2068 quartae.

621 2150 737 2189 Prima
762 2151 857 2188 enim
888 2151 956 2188 AB
981 2147 1153 2188 secundae
1178 2150 1209 2188 C
1235 2164 1346 2201 aeque
1369 2145 1555 2200 multiplex
1579 2146 1630 2193 sit,
1662 2157 1769 2198 atque
1798 2146 1899 2185 tertia
1924 2149 2001 2187 DE

553 2231 697 2273 quartae
716 2220 747 2257 F
756 2236 766 2266 3
802 2217 843 2257 s1t
863 2229 981 2258 autem
1000 2230 1034 2257 ct
1053 2220 1176 2271 quinta
1194 2219 1264 2258 BG
1284 2216 1456 2256 secundae
1470 2218 1501 2255 C
1520 2230 1631 2269 aeque
1644 2212 1832 2268 multiplex
1851 2230 1890 2255 ac
1908 2214 2003 2256 sexta

1925 2287 2001 2325 ΕΗ
