2111 2755
397 200 684 251 LIBER
743 198 1337 251 UNDECIMUS.
1702 225 1796 277 235

122 308 244 353 agatur
266 293 561 352 perpendicularis
583 296 686 342 BC²;
723 306 757 334 et
779 308 843 347 per
861 295 898 333 A
917 293 981 347 ipfi
1003 295 1066 333 BC
1090 292 1257 346 parallela
1281 294 1431 338 dueatur
1454 295 1532 336 AD
1543 291 1570 338 b.
1587 303 1616 367 ἶ.
1632 302 1650 377 ¹3
1653 302 1668 367 ¹¹
1672 316 1685 367 ἱ
1696 302 1714 368 ¹¹
1718 305 1744 327 ι

121 366 312 419 Qoniam
334 365 438 420 igitur
460 364 551 404 duae
573 367 686 404 restae
708 361 896 416 parallelae
919 362 1000 402 sunt
1027 364 1119 410 AD,
1300 366 1341 409 D
1453 369 1497 417 B

119 436 194 483 CB,
212 449 284 474 una
304 445 421 474 autern
440 431 590 486 ipsarum
613 433 676 472 BC
700 430 856 485 subjmsto
873 429 982 484 plano
1006 431 1055 470 est
1074 430 1119 470 ad

118 506 230 542 restos
254 501 411 558 angulos,
438 513 472 541 et
494 500 632 554 reliqua
655 502 733 539 AD
757 498 916 552 subjeem
939 497 1049 551 plano
1073 499 1118 538 ad

116 573 230 610 reeios
253 569 401 625 angulos
425 570 522 610 erite.
560 571 660 608 Dato
683 567 789 622 igitur
806 566 917 620 plano
940 581 960 605 a
984 571 1118 619 punem
1515 574 1519 576 ’
1585 595 1720 627 &3³1-

117 639 217 692 quod
240 640 278 679 in
301 637 376 692 ipso
399 639 448 678 est
471 637 605 685 datum,
637 636 682 675 ad
713 640 824 676 reftos
848 633 999 689 angulos
1023 638 1116 675 reeta
1302 641 1352 682 A
1444 636 1481 681 C
1525 629 1527 631 ’
1758 681 1762 684 ⁴

117 706 211 748 linea
229 708 416 749 constituta
434 707 494 746 est.
547 706 606 756 Q
624 706 670 742 E.
689 705 734 742 F.

527 814 695 856 PROP.
732 814 839 853 XIII.
911 812 1151 854 THEOR.

223 902 373 952 ATO
400 902 550 968 plano,
583 919 609 949 a
635 902 801 965 puncsto
829 900 955 964 quod
986 899 1033 947 in
1056 901 1148 964 ipso
1175 899 1250 959 est,
1283 902 1399 949 duae
1426 904 1568 950 reEIae

255 974 398 1022 lineae
433 973 493 1021 ad
523 972 665 1020 reeios
698 969 886 1034 angulos
921 986 1015 1017 non
1049 969 1378 1019 constituentur
1410 987 1465 1018 ex
1496 989 1567 1019 ea-

112 1046 219 1092 dem
246 1058 386 1106 parte.
435 1056 485 1089 et
511 1040 644 1087 unica
669 1039 730 1087 est
759 1038 1137 1103 perpendicularis
1168 1057 1196 1088 a
1230 1042 1396 1104 puneio
1428 1040 1476 1087 in
1499 1040 1566 1087 su-

110 1112 242 1162 blimi
268 1112 326 1159 ad
350 1111 601 1178 subjeCIum
625 1108 829 1173 planum.

177 1255 216 1295 Si
238 1254 334 1293 enim
358 1254 433 1293 fieri
456 1254 581 1306 potest,
604 1252 690 1292 dato
713 1250 833 1305 plano,
858 1264 878 1290 a
900 1253 1038 1304 punfm
1061 1251 1160 1304 quod
1183 1251 1220 1291 in
1239 1249 1313 1304 ipso
1337 1251 1386 1290 est
1403 1252 1454 1298 A,
1474 1250 1564 1291 duae

108 1327 220 1368 restae
243 1320 356 1361 lineae
383 1322 467 1368 AB,
487 1322 559 1360 AC
576 1320 624 1360 ad
647 1324 759 1359 reftos
785 1317 932 1373 angulos
955 1320 1209 1359 constituantur
1233 1334 1276 1359 ex
1295 1319 1424 1358 eadem
1447 1331 1545 1371 parte
1553 1336 1564 1366 i

107 1403 144 1432 et
166 1391 314 1431 ducatur
335 1388 482 1444 planum
507 1402 569 1443 per
591 1390 673 1436 BA,
701 1389 783 1435 AC,
808 1387 907 1440 quod
930 1385 1037 1427 faciet
1061 1386 1250 1427 seffionem
1275 1402 1338 1441 per
1360 1389 1398 1427 A
1423 1387 1461 1427 In
1484 1386 1564 1427 sub-

102 1461 199 1514 jeeto
210 1458 321 1512 plano
340 1461 472 1497 reeiam
490 1455 664 1504 lineama;
690 1454 796 1495 faciat
809 1458 935 1496 DAE.
973 1458 1076 1510 Ergo
1191 1488 1232 1535 B
1576 1482 1603 1503 a.
1620 1481 1648 1514 3·
1667 1481 1714 1503 Η,

107 1532 221 1569 rectae
238 1525 351 1566 lineae
364 1527 447 1573 AB,
460 1527 541 1571 AC,
558 1527 677 1565 DAE
694 1525 733 1564 in
755 1539 830 1564 uno
854 1523 932 1563 sunt
949 1523 1073 1577 plano.
1411 1496 1452 1543 C

106 1608 143 1636 et
166 1596 336 1649 quoniam
360 1595 429 1633 CA
452 1592 607 1648 subjeEIo
631 1592 741 1646 plano
766 1593 812 1631 ad
832 1596 944 1632 refios
962 1607 1074 1646 angu-
1238 1593 1255 1746 Ϊ
1314 1548 1417 1739 s

104 1664 159 1705 los
183 1665 243 1712 est,
266 1675 302 1702 et
325 1662 370 1702 ad
393 1676 521 1701 omnes
543 1665 651 1701 reeias
674 1660 796 1708 lineas,
819 1675 908 1713 quae
932 1662 969 1700 in
993 1659 1073 1700 sub-

99 1734 197 1788 jed’to
221 1730 330 1785 plano
353 1731 534 1770 existentes
558 1728 667 1782 ipsam
692 1741 856 1783 tangunt,
881 1733 996 1768 ree'tos
1020 1727 1074 1768 fa-
1100 1757 1144 1799 D
1286 1757 1347 1803 A
1492 1752 1538 1800 E

105 1802 174 1842 ciet
197 1798 357 1854 angulos.
418 1799 529 1853 tangit
551 1809 671 1837 autem
696 1796 804 1850 Ipsam
830 1800 954 1843 DAE,
979 1811 1069 1850 quae

105 1869 154 1910 est
176 1869 215 1908 in
236 1866 390 1922 subjee‘to
414 1865 524 1920 plano
532 1884 542 1914 ;
577 1864 725 1921 angulus
751 1866 856 1920 igitur
881 1867 986 1905 CAE
1011 1868 1123 1905 reftus
1150 1865 1209 1904 esta
1270 1865 1396 1905 eadem
1420 1866 1558 1906 ratione

103 1950 140 1978 et
163 1940 277 1976 restus
301 1937 348 1975 est
371 1937 494 1975 BAE.
537 1938 638 1990 Ergo
662 1934 810 1988 angulus
832 1937 938 1974 CAE
962 1933 1025 1988 ipfi
1042 1935 1152 1973 BAE
1178 1934 1226 1973 est
1249 1933 1423 1988 aequalis3
1459 1946 1494 1974 ct
1516 1936 1554 1975 In

104 2020 181 2047 uno
204 2004 281 2044 sunt
304 2002 428 2057 plano,
453 2003 550 2056 quod
573 2004 649 2043 fieri
673 2018 749 2042 non
772 2004 896 2056 potest.
951 2005 1041 2042 Non
1073 2003 1177 2055 Igitur
1212 2018 1232 2042 a
1269 2003 1354 2043 dato
1388 2002 1498 2057 plano
1532 2018 1553 2043 a

103 2078 237 2129 punsto
255 2073 353 2127 quod
376 2073 413 2111 in
437 2070 511 2126 ipso
535 2072 593 2119 est,
618 2072 709 2111 duae
733 2075 846 2111 restae
871 2070 984 2111 lineae
1008 2071 1053 2110 ad
1077 2075 1188 2110 festos
1212 2071 1361 2126 angulos
1384 2073 1551 2111 constitu-

102 2154 204 2184 entur
229 2156 273 2182 ex
303 2141 430 2180 eadem
459 2152 570 2194 parte.
618 2142 669 2179 Et
692 2154 712 2178 a
736 2144 869 2193 punem
892 2141 929 2179 in
953 2138 1093 2179 sublimi
1118 2140 1163 2179 ad
1187 2139 1381 2195 subjeetum
1404 2141 1552 2194 planum

102 2225 174 2252 una
197 2222 336 2252 tantum
360 2210 439 2250 duci
464 2210 577 2264 potest
600 2208 907 2263 perpendicularis.
966 2209 992 2249 fi
1016 2209 1111 2249 enim
1132 2208 1222 2250 duae
1245 2209 1326 2251 duci
1349 2209 1480 2263 poffint
1504 2206 1550 2246 ab

747 2279 784 2316 G
808 2292 831 2331 g
871 2289 893 2315 2
1421 2275 1549 2316 eodem
