2111 2755
275 217 374 270 324

341 1147 367 1166 a.
393 1134 440 1165 16.
463 1145 491 1175 3.

327 1414 355 1444 b.
367 1416 492 1442 Lemma.

673 194 1070 248 EUCLIDIS
1118 195 1784 252 ELEMENTORUM

913 334 1088 373 PROP.
1125 334 1230 373 XVI.
1301 334 1544 375 THEOR.

611 421 778 470 UAssUs
813 420 991 469 circulis
1024 420 1143 468 circa
1173 420 1294 468 idem
1329 437 1538 470 centrum
1572 423 1876 484 existentibu8‚
1917 426 1966 475 in

636 491 799 558 majori
830 491 1114 555 polygonum
1143 491 1399 554 aequalium
1433 492 1642 549 laterum,
1681 513 1968 560 quorumque

503 579 719 612 numerus
744 578 822 625 par
848 559 917 619 sit,
945 561 1204 620 describere,
1240 563 1366 625 quod
1385 563 1609 611 minorem
1635 565 1858 612 circulum
1876 583 1968 614 non

505 632 719 698 attingat.
1884 643 1892 648 -

573 780 652 819 Sint
677 777 748 817 dati
773 776 846 816 duo
869 775 989 816 circuli
1010 777 1166 823 ABCD,
1184 777 1335 815 EFGH
1360 777 1450 816 circa
1473 778 1570 817 idem
1594 789 1757 818 centrum
1777 782 1827 820 K.
1864 793 1973 832 opor-

504 860 555 889 tet
579 849 616 887 in
641 848 771 900 majori
794 844 925 886 circulo
949 843 1175 899 polygonum
1201 844 1403 897 aequalium
1432 845 1581 886 laterum
1619 862 1772 901 quorum
1801 863 1973 888 numerus

504 917 548 958 fit
572 933 646 971 par,
672 915 876 961 describere,
902 929 979 954 non
1005 915 1182 968 attingens
1205 914 1385 953 minorem
1409 914 1589 955 clrculum.

576 990 742 1026 Ducatur
765 999 828 1038 per
852 986 890 1023 K
915 994 1079 1023 centrum
1104 987 1197 1022 rena
1216 981 1309 1022 linea
1329 985 1412 1029 BD,
1435 997 1544 1038 atque
1568 1001 1587 1025 a
1607 990 1742 1039 puneto
1762 988 1800 1026 G
1821 985 1883 1040 ipsi
1902 988 1974 1026 BD

506 1057 552 1097 ad
578 1059 693 1095 renos
715 1052 865 1108 angulos
884 1053 1032 1093 ducatur
1051 1054 1142 1100 GA,
1156 1065 1192 1092 et
1210 1053 1255 1092 ad
1268 1054 1299 1092 C
1313 1053 1528 1105 producatur
1535 1073 1545 1103 ;
1582 1057 1765 1110 continget
1784 1057 1886 1110 igitur
1904 1056 1973 1097 AC

507 1124 679 1166 circulum
703 1125 893 1163 EFGH2.
940 1123 1059 1177 itaque
1084 1119 1410 1162 circumferentiam

506 1198 624 1236 BAD
649 1192 817 1234 bifariam
848 1192 1014 1241 secantes,
1052 1204 1087 1231 et
1114 1193 1188 1247 ejus
1220 1192 1409 1231 dimidium

508 1264 620 1305 rursus
640 1262 819 1311 bifariam,
839 1274 873 1302 et
886 1262 959 1302 hoc
977 1261 1112 1316 semper
1132 1260 1313 1309 facientes,
1330 1274 1410 1301 tan-

509 1335 591 1373 dem
616 1333 858 1385 relinquemus
881 1330 1206 1371 circumferentiam
1228 1332 1411 1371 minorem
1465 1305 1512 1358 Β
1556 1287 1597 1328 Ε

508 1404 584 1457 ipsa
615 1404 695 1442 AD
705 1398 732 1440 b.
795 1400 1010 1454 relinquatur
1042 1401 1155 1453 fitque
1186 1403 1280 1447 LD3
1317 1413 1351 1439 et
1388 1415 1408 1439 a

509 1476 644 1526 puncto
656 1473 689 1509 L
704 1470 747 1508 ad
762 1473 834 1509 BD
854 1469 1158 1523 perpendicularis
1177 1481 1299 1523 agatur
1314 1471 1407 1516 LM,

509 1553 544 1580 et
559 1540 604 1579 ad
620 1543 656 1579 N
669 1540 884 1593 producatur
893 1557 902 1586 3
922 1538 1292 1592 junganturque'LD,
1308 1540 1400 1576 DN.

487 1609 663 1665 -aequalis
680 1610 785 1663 igitur
805 1615 819 1632 ‘³
838 1609 886 1647 est
905 1609 979 1647 LD
998 1607 1061 1661 ipsi
1080 1610 1171 1655 DN,
1197 1619 1231 1646 et
1251 1608 1422 1659 quoniam
1449 1605 1523 1646 LN
1547 1604 1712 1658 parallela
1736 1610 1784 1648 est
1808 1608 1871 1662 ipfi
1895 1611 1977 1660 AC,

486 1681 542 1721 'et
559 1682 629 1721 AC
649 1679 824 1733 contingit
847 1676 1020 1717 circulum
1039 1679 1190 1716 EFGH
1202 1695 1211 1723 3
1247 1676 1316 1730 ipsa
1336 1679 1408 1715 LN
1432 1675 1602 1716 circulum
1627 1678 1777 1717 EFGH
1797 1693 1872 1717 non
1899 1690 1978 1718 tan-

507 1763 576 1806 get.
622 1761 657 1788 et
681 1748 799 1788 multo
822 1748 942 1787 minus
966 1758 1114 1800 tangent
1137 1744 1307 1786 circulum
1332 1748 1483 1786 EFGH
1507 1748 1620 1785 redae
1645 1744 1758 1786 lineae
1777 1750 1863 1794 LD,
1881 1750 1973 1789 DN.

508 1820 610 1874 quod
634 1818 661 1858 fi
686 1818 749 1872 ipsi
774 1820 850 1857 LD
876 1816 1037 1870 aequales
1055 1816 1221 1869 deinceps
1247 1815 1378 1855 circulo
1397 1818 1499 1855 ΑΒΕ
1505 1818 1542 1854 D
1568 1814 1780 1868 aptabimiffi,
1807 1816 1978 1858 describe-

510 1903 565 1929 tur
590 1890 626 1929 in
651 1904 695 1928 eo
719 1886 947 1942 polygonum
973 1884 1174 1939 aequalium
1200 1898 1235 1925 er
1259 1900 1409 1926 numero
1433 1886 1575 1940 parium
1600 1884 1750 1926 laterum
1775 1901 1853 1926 non
1872 1888 1977 1929 attin-

509 1973 595 2013 gens
616 1959 795 2000 minorem
819 1954 1003 1997 circulum.
1054 1956 1111 2008 Q
1130 1957 1176 1995 E.
1201 1957 1245 1995 F.

1653 2237 1887 2277 LEMMA
1924 2236 1972 2278 Π.
