2111 2755
314 202 407 253 208

701 200 1092 252 EUCLIDIS
1137 199 1802 257 ELEMENTORUM

603 299 613 318 ‘
636 295 688 334 Ut
718 293 903 347 sequentes
931 305 997 333 tres
1021 293 1287 349 Propositiones
1310 292 1445 334 facilius
1469 295 1705 352 intelligantur
1727 302 1984 355 praemittenda

533 368 543 387 ‘
566 361 645 403 sunt
668 361 859 416 sequentia.

602 436 613 455 ‘
646 445 660 472 1
675 462 683 471 .
708 430 1089 486 Parallelogrammum
1112 432 1158 472 ad
1180 435 1311 472 reeiam
1334 432 1466 473 lineam
1491 433 1655 488 applicari
1679 436 1814 487 dicitur,
1837 439 1986 493 quando

532 504 545 523 ‘
568 498 668 553 super
692 504 784 540 reeta
806 499 867 540 illa
892 499 1104 540 describitur.
1157 503 1227 541 Ex.
1253 516 1304 556 gr.
1329 501 1707 557 parallelogrammum
1730 508 1799 546 AC
1823 507 1987 561 applicari

533 573 544 591 ‘
568 568 694 608 dicitur
718 569 762 608 ad
782 573 912 609 rectam
935 571 1013 618 AB,
1038 570 1186 622 quando
1209 569 1309 624 super
1332 573 1399 611 AB
1423 571 1637 613 describitur.

603 641 614 660 ‘
642 649 684 677 2.
709 638 779 677 Sed
802 636 1179 692 parallelogrammum
1191 642 1264 679 AE
1278 638 1446 693 applicari
1469 642 1596 682 dicitur
1613 642 1658 682 ad
1677 647 1808 683 reftam
1820 645 1891 684 AB
1903 644 1988 684 defi-

533 709 543 755 ?
567 707 663 746 ciens
688 707 804 761 figura
827 705 1174 761 parallelogramma,
1199 709 1344 761 quando
1361 711 1442 748 AD
1652 725 1687 760 Ε
1754 721 1788 763 C
1902 716 1955 759 G

533 778 543 797 ‘
568 774 659 815 bafis
695 775 801 829 ipsius
835 778 912 815 ΑΕ
942 777 1062 815 minor
1093 778 1141 816 est
1171 778 1266 816 resta
1290 779 1370 824 AB,
1407 788 1442 816 et
1485 777 1489 902 ἱ
1674 784 1678 895 ι
1769 777 1775 905 Ι
1934 774 1940 906 l

532 847 544 866 ‘
568 855 759 898 propterea
792 843 1168 899 parallelogrammum
1203 847 1279 884 ΑΕ
1323 845 1442 884 deficit

532 916 543 935 ‘
567 911 614 951 ab
636 910 711 966 ipso
735 915 806 953 AC
831 913 929 966 quod
953 912 1054 966 super
1077 917 1169 953 reeta
1187 915 1256 952 AB
1281 912 1442 952 describi·
1476 911 1516 946 A
1656 912 1696 952 D
1758 913 1794 953 B
1904 911 1942 950 F

530 985 542 1004 ‘
564 992 622 1020 tur
645 981 684 1020 in
706 982 838 1021 eodem
861 980 1008 1035 angulo,
1032 994 1067 1020 et
1083 983 1175 1021 inter
1192 979 1332 1021 easdem
1351 979 1545 1035 parallelas,
1564 983 1679 1038 figura
1699 982 1990 1040 parallelogram-

531 1054 542 1072 ‘
565 1050 629 1088 ma
648 1051 734 1098 DC,
758 1065 851 1103 quae
869 1050 1019 1103 quidem
1037 1050 1163 1090 dicitur
1183 1048 1340 1090 defeetus
1358 1051 1461 1104 ipsius
1483 1053 1568 1091 AE.

602 1123 613 1140 ‘
643 1131 683 1167 3.
703 1122 753 1159 Et
776 1118 1151 1173 parallelogrammum
1174 1122 1254 1160 AG
1280 1119 1446 1173 applicari
1469 1120 1594 1160 dicitur
1617 1120 1662 1160 ad
1680 1125 1811 1161 restam
1828 1125 1910 1171 AB,
1930 1138 1989 1165 ex-

532 1192 543 1210 ‘
566 1185 697 1228 cedens
727 1189 843 1242 figura
874 1187 1223 1243 parallelogramma,
1259 1189 1408 1242 quando
1430 1191 1500 1229 AF
1523 1189 1613 1229 basis
1643 1190 1748 1243 ipsius
1771 1193 1850 1232 AG
1873 1193 1990 1247 major

533 1260 543 1279 ‘
569 1256 618 1295 est
641 1259 736 1296 reeta
763 1259 846 1304 AB,
881 1269 917 1297 et
939 1271 1128 1313 propterea
1151 1259 1230 1298 AG
1266 1258 1403 1299 excedit
1437 1257 1548 1312 ipsam
1571 1260 1640 1299 AC
1664 1259 1781 1314 figura
1803 1260 1991 1315 parallelo·

536 1327 548 1345 ⁴
567 1327 735 1377 gramma
759 1326 853 1364 BG?

916 1462 1092 1501 PROP.
1128 1463 1289 1503 XXVII.
1361 1465 1593 1505 THEOR.

534 1592 826 1697 OMNmM
854 1590 1380 1658 parallelogrammorum
1407 1593 1656 1641 secundum
1683 1595 1872 1643 eandem
1898 1614 1990 1646 rec-

678 1677 775 1709 tam
814 1661 980 1709 lineam
1011 1662 1356 1725 applicatorum,
1400 1678 1447 1710 et
1483 1663 1796 1710 deficientium
1835 1665 1988 1730 figuris

533 1730 962 1797 parallelogrammis
990 1730 1221 1788 similibus,
1255 1747 1300 1779 et
1330 1731 1532 1779 similiter
1563 1731 1714 1795 positis
1748 1734 1788 1780 ei
1819 1751 1933 1796 quae
1963 1752 1990 1782 a

468 1865 470 1867 ‚
532 1800 725 1850 dimidia
749 1801 1024 1857 describitur,
1062 1801 1316 1847 maximum
1347 1800 1408 1847 est
1435 1802 1559 1864 quod
1586 1802 1643 1848 ad
1668 1800 1906 1850 dimidiam
1929 1803 1989 1852 est

534 1870 829 1935 applicatum,
855 1868 996 1916 simile
1020 1869 1206 1916 existens
1232 1869 1439 1917 defeffiui.

602 2014 655 2052 Sit
677 2017 769 2052 retia
792 2011 885 2051 linea
908 2014 989 2059 AB,
1014 2010 1218 2066 seceturque
1242 2011 1403 2052 bifariam
1428 2012 1464 2051 in
1489 2014 1520 2052 C
1529 2030 1538 2059 3
1574 2025 1609 2052 et
1633 2013 1677 2053 ad
1701 2015 1770 2052 AB
1794 2018 1924 2054 restam
1948 2014 1988 2054 li-

534 2095 642 2121 neam
660 2081 851 2133 applicetur
869 2080 1242 2135 parallelogrammum
1259 2084 1340 2121 AD
1354 2082 1519 2121 deficiens
1534 2082 1642 2135 figura
1660 2081 1989 2135 parallelogramma

533 2152 603 2189 CE
627 2164 718 2203 quae
742 2163 762 2187 a
785 2151 848 2187 CB
874 2150 1019 2188 dimidia
1043 2150 1146 2203 ipsius
1169 2154 1238 2191 AB
1264 2149 1432 2203 descripta
1456 2151 1516 2198 cst,
1552 2151 1606 2189 cui
1637 2149 1762 2189 scilicet
1796 2149 1914 2189 similis
1939 2153 1988 2190 est

532 2220 623 2258 AD.
685 2217 784 2258 Dico
807 2218 971 2256 omnium
996 2218 1410 2275 parallelogrammoriun
1446 2219 1491 2259 ad
1522 2222 1651 2258 rectam
1675 2217 1805 2257 lineam
1834 2219 1903 2257 AB
1928 2234 1989 2272 ap-

1773 2284 1988 2340 plicatorum
