2111 2755
638 203 1174 254 NOTAE.

528 338 664 378 COR.
701 339 871 378 PROP.
908 339 974 379 IV.
1051 340 1164 379 LIB.
1200 339 1248 378 V.

209 429 446 472 Corollarium
461 430 531 470 hoc
545 430 590 469 ab
605 431 651 470 im
658 432 768 482 perito
782 431 940 484 quodam
954 431 1112 471 additum
1125 432 1174 471 est
1186 432 1258 472 vice
1271 430 1450 487 legitImae
1462 432 1613 478 demon-

163 501 336 541 strationis
355 515 463 554 quam
475 499 610 539 Theon
627 498 750 538 aliusve
763 501 893 538 Editor
912 515 986 539 non
1001 515 1045 539 ex
1059 501 1140 548 hoc,
1157 499 1214 541 sed
1233 502 1379 555 proprio
1396 501 1460 542 suo
1473 501 1555 543 loco
1573 506 1610 545 in

159 569 232 609 hoc
247 568 339 608 libro
353 568 425 607 sine
440 567 550 607 dubio
563 566 704 607 sustulit.
742 567 883 606 volebat
903 569 998 606 enim
1020 572 1141 607 auctor
1159 569 1349 610 Corollarii
1374 571 1478 625 hujus
1496 574 1612 614 osten-

160 638 244 677 dere
267 637 525 692 magnitudines
544 635 828 689 proportionales
846 638 893 682 E,
910 637 959 680 G,
980 639 1021 682 F,
1035 638 1076 675 H
1090 637 1196 676 etiam
1215 638 1345 678 inverse
1359 642 1609 693 proportiona-

160 705 210 746 les
229 705 306 748 essc,
331 705 373 745 sc.
390 707 428 744 G
444 703 511 744 ess'c
526 705 570 742 ad
585 707 630 751 E,
645 717 684 743 ut
698 707 737 742 H
753 705 797 742 ad
810 707 840 743 F
850 722 863 750 ;
884 704 982 758 quod
1001 704 1146 757 quidem
1164 720 1284 745 verum
1302 708 1362 755 est,
1382 709 1530 749 minime
1550 725 1611 750 au-

160 787 233 815 tem
257 788 300 813 cx
324 774 389 813 hac
414 772 661 824 Propofitione
684 770 739 811 vel
762 770 916 826 ejusdem
941 772 1243 814 demonstratione
1268 776 1456 829 dependet.
1516 780 1611 819 Cum

156 844 252 883 enim
275 842 357 881 dicit
388 846 409 863 “
423 841 608 893 Qoniarn
631 841 736 895 igitur
759 840 1038 880 demonstratum
1062 841 1123 888 est,
1164 841 1191 881 fi
1215 845 1254 882 K
1277 842 1412 897 superat
1434 848 1494 894 Μ,
1518 858 1554 886 et
1577 850 1611 888 L

155 916 179 935 “
202 909 311 963 ipsam
331 912 369 949 N
383 906 564 963 superare”
584 909 656 949 &c.
700 907 889 949 Ostensum
910 909 1054 961 quidem
1078 909 1149 949 hoc
1173 912 1222 950 est
1244 912 1282 951 in
1308 912 1610 956 demonstratione

155 979 420 1032 Proposstionis‚
451 992 527 1017 non
552 990 672 1018 tamen
697 993 741 1017 ex
764 993 808 1017 eo
832 977 929 1031 quod
953 978 1238 1031 proportionales
1260 979 1328 1020 smt
1347 984 1394 1029 E,
1422 984 1472 1030 G,
1493 985 1538 1032 F,
1555 986 1609 1034 Η,

154 1049 227 1089 hoc
250 1048 347 1087 enim
371 1047 419 1086 est
442 1045 622 1086 conclusio
645 1047 749 1100 ipsius
773 1045 1039 1100 Propofitionis.
1105 1048 1229 1103 Qlare
1250 1048 1339 1089 illud
1373 1054 1396 1072 “
1416 1050 1608 1103 Quoniam

155 1123 183 1142 ‘¹
205 1118 310 1171 igitur
334 1116 616 1155 demonstratum
635 1115 704 1155 est”
729 1116 801 1155 &c.
827 1116 979 1156 omnino
998 1116 1156 1170 ineptum
1175 1118 1234 1157 est.
1285 1117 1487 1159 Ostendisse
1510 1122 1608 1162 enim

154 1184 278 1226 debuit
302 1183 327 1224 fi
347 1187 385 1224 K
409 1183 545 1237 superat
562 1187 621 1231 M,
644 1196 678 1224 et
695 1186 728 1224 L
748 1183 858 1238 ipsum
885 1185 923 1223 N
947 1183 1116 1237 superare,
1153 1200 1196 1225 ex
1219 1186 1410 1240 hypothesi
1433 1189 1532 1241 quod
1557 1192 1606 1237 E,

154 1257 205 1302 G,
230 1256 273 1300 F,
308 1255 348 1292 H
379 1251 458 1292 sunt
487 1252 783 1306 proportionales,
814 1265 849 1293 et
872 1252 960 1293 Def.
985 1266 1022 1303 5.
1058 1253 1165 1308 hujus
1187 1254 1303 1304 Libri,
1335 1256 1435 1310 quod
1461 1258 1608 1310 quidem

153 1323 301 1363 minime
325 1321 476 1360 ostendit
485 1338 494 1367 ;
529 1321 681 1360 habetur
705 1334 824 1361 autem
847 1322 918 1361 hoc
942 1323 978 1361 in
1002 1325 1107 1379 Prop.
1133 1324 1176 1361 Β.
1213 1338 1321 1375 quam
1355 1322 1438 1363 loco
1460 1326 1608 1379 proprio

152 1389 330 1446 pofiairnus
348 1389 422 1427 vice
439 1388 542 1443 hujus
556 1388 759 1428 Corollarii.
797 1402 832 1429 et
849 1389 1088 1430 corollarium
1105 1389 1200 1430 aliud
1216 1393 1323 1445 Prop.
1341 1395 1424 1443 4⁸¹e
1442 1392 1604 1434 additum

152 1461 201 1499 est
223 1456 451 1497 necessarium
475 1458 620 1510 quidem
644 1459 951 1498 Demonstrationi
969 1461 1074 1512 Prop.
1104 1473 1116 1498 1
1135 1459 1174 1497 8.
1199 1459 1308 1513 hujus
1332 1459 1425 1506 libri,
1451 1459 1602 1516 aliasque

151 1542 226 1568 non
251 1540 331 1566 raro
354 1524 454 1573 utile,
480 1527 577 1580 cujus
603 1525 856 1565 demonstratio
879 1527 1080 1566 continetur
1102 1528 1140 1567 in
1160 1542 1200 1567 ea
1220 1527 1493 1582 PropofitIOniS..

609 1638 780 1678 PROP.
823 1639 868 1678 V.
943 1640 1054 1677 LIB.
1091 1640 1138 1679 V.

216 1734 262 1771 In
286 1730 555 1776 construetione,
583 1730 875 1770 demonstrationi
898 1729 1002 1784 hujus
1032 1730 1231 1784 praemissa,
1268 1748 1357 1787 quae
1388 1732 1540 1775 habetur
1561 1736 1599 1775 in

149 1814 252 1842 textu
269 1801 424 1844 Graeco,
449 1796 590 1851 ejusque
613 1798 829 1839 versionibus
847 1799 994 1846 Latinis,
1019 1801 1204 1853 requiritur
1228 1814 1268 1841 ut
1291 1817 1381 1855 quo·
1413 1804 1454 1842 A

1410 1925 1444 1949 L

148 1869 266 1923 tuplex
290 1868 337 1906 est
360 1868 433 1906 ΑΕ
456 1866 559 1918 ipsius
585 1869 660 1914 CF,
692 1867 853 1920 totuplex
883 1868 944 1907 fiat
967 1870 1031 1907 ΕΒ
1064 1869 1167 1921 ipsius
1191 1872 1275 1918 CG,
1308 1871 1379 1911 hoc
1412 1910 1445 1924 γ,
1516 1838 1558 1880 G
1583 1903 1586 1915 ,

146 1938 195 1978 est
219 1935 403 1989 requiritur
426 1946 464 1973 ut
488 1937 552 1974 ΕΒ
577 1934 706 1975 secetur
730 1937 766 1974 in
791 1948 843 1975 tot
867 1948 979 1989 partes
1004 1936 1165 1990 aequales
1190 1952 1277 1991 quot
1300 1938 1379 1978 sunt
1515 1940 1567 1980 C.

146 2008 183 2046 in
209 2007 283 2045 ΑΕ
309 2001 472 2055 aequales
492 2003 553 2056 ipsi
578 2007 653 2043 CF.
697 2020 740 2043 cx
760 2005 830 2044 hoc
845 2017 962 2044 autem
982 2004 1211 2044 manifestum
1230 2009 1277 2046 est
1290 2022 1377 2046 con·
1517 2006 1554 2045 F

145 2073 369 2115 strumonem
393 2071 484 2109 hanc
509 2087 585 2110 non
610 2071 678 2110 effe
701 2073 864 2112 Euclitlis.
914 2087 989 2112 non
1009 2074 1104 2113 enim
1130 2075 1238 2114 docet
1256 2075 1377 2116 Eucli-
1414 2093 1447 2138 B
1522 2113 1564 2156 D

146 2144 206 2182 des
231 2140 418 2194 quomodo
442 2137 545 2179 secari
570 2141 694 2193 possm
723 2145 833 2181 rce‘tae
860 2140 982 2189 lineae,
1013 2143 1145 2181 nedum
1171 2142 1253 2183 aliae
1277 2159 1376 2197 mag-

145 2211 331 2258 nitudines,
363 2209 400 2248 in
423 2221 538 2263 partes
570 2208 743 2264 aequales,
777 2224 971 2265 antequam
1002 2212 1046 2253 ad
1070 2214 1174 2266 Prop.
1214 2227 1251 2266 9.
1277 2213 1361 2255 Lib.
1395 2214 1434 2253 6.
1466 2215 1592 2255 veniat.

755 2274 758 2278 ’
1407 2298 1594 2337 nunquam

1748 214 1846 278 357'
