2111 2755
207 223 303 276 394

879 199 1417 250 NOTAE.

496 293 630 339 Rursus
651 292 848 334 inveniatur
866 290 952 332 alter
971 291 1122 348 angulus
1139 294 1186 332 M
1206 292 1283 333 talis
1306 305 1346 334 ut
1369 294 1444 335 duo
1467 309 1512 335 ex
1540 297 1653 337 tribus
1676 298 1813 354 angulis
1834 302 1886 345 A,

427 371 468 414 B,
492 367 540 405 M
564 362 702 416 reliquo
727 361 796 401 sint
819 362 985 415 majores,
1015 361 1351 417 quomodocunque
1382 362 1523 417 sumpti,
1557 378 1592 405 et
1615 368 1720 407 etiam
1746 368 1819 408 duo
1843 383 1887 409 ex

427 434 537 475 tribus
556 435 599 482 C,
616 435 667 479 D,
686 433 734 470 M
754 430 1084 484 quomodocunque
1108 429 1236 484 sumpti
1259 431 1328 471 smt
1351 433 1504 488 majores
1528 433 1679 489 reliquo.
1727 438 1890 477 ostende-

429 516 486 544 tur
509 514 640 547 autem,
667 511 707 539 ut
731 501 768 539 in
792 499 998 552 praemiffis,
1022 498 1172 553 angulos
1199 502 1250 548 A,
1269 503 1312 549 B,
1331 504 1379 542 M
1403 502 1506 543 fimul
1531 504 1688 543 minores
1713 503 1780 544 effe
1804 521 1891 559 qua-

429 584 511 613 tuor
535 571 645 618 restis,
678 566 896 622 angulosque
919 569 963 616 C,
987 569 1038 616 D,
1073 571 1121 608 M
1157 568 1259 609 simul
1294 570 1451 610 minores
1487 570 1555 611 effe
1591 584 1744 626 quatuor
1779 575 1890 614 reffis.

430 640 678 681 Constituamr
701 637 805 692 igitur
830 637 874 690 [2
888 650 927 686 3.
964 651 976 676 1
999 638 1053 691 1.]
1080 635 1228 691 angulus
1252 636 1384 679 solidus
1408 640 1452 680 ad
1471 643 1510 680 N
1541 654 1730 681 contentus
1752 641 1898 696 angulisv

432 708 548 765 planis
579 710 697 755 ONP,
728 706 873 758 PNQ,
914 704 1152 760 ONQipfis
1181 708 1231 755 A,
1262 709 1304 755 Β,
1329 711 1377 748 Μ
1408 709 1622 764 aequalibus,
1659 710 1784 766 finguli
1822 710 1893 750 fin-

430 777 533 833 gulis,
559 789 594 817 et
618 791 689 830 ope
712 778 821 828 Prop.
851 774 926 814 26.
953 773 1036 814 Lib.
1069 789 1082 814 1
1104 789 1140 815 1.
1167 777 1400 818 constituatur
1419 779 1465 819 ad
1488 779 1585 820 idem
1609 783 1785 834 punEkum
1799 783 1837 819 N
1855 780 1901 820 in„

431 850 528 888 reela
551 845 645 886 linea
671 847 749 885 ΟΝ
774 842 924 899 angulus
943 842 1073 883 solidus
1097 856 1292 884 contentus
1554 874 1605 916 N

431 916 545 956 tribus
577 913 717 970 angulis
753 911 886 967 planiS,
924 926 1082 965 quorum
1118 928 1213 953 unus
1249 913 1293 953 [ιε
1614 946 1615 949 ,

434 983 507 1039 ipse
527 985 665 1035 ONQ
677 981 832 1035 aequalis
856 979 983 1021 scilicet
1006 981 1069 1034 ipfi
1092 984 1152 1030 M,
1178 994 1213 1022 et
1237 997 1292 1022 re·
1581 1005 1629 1043 R

434 1052 521 1107 liqui
544 1053 619 1092 duo
643 1051 778 1104 QNR,
816 1052 931 1090 ONR
956 1049 1119 1104 aequales
1142 1051 1224 1105 ipfis
1246 1053 1290 1100 C,
1399 921 1874 1166 Q&

433 1124 487 1170 D,
506 1120 595 1161 alter
614 1119 727 1160 alteri.
765 1120 830 1159 erit
853 1119 958 1173 igitur
983 1119 1028 1159 ad
1051 1124 1228 1173 punetum
1251 1123 1291 1160 N
1346 1134 1391 1179 ο
1568 1155 1575 1156 ff
1810 1144 1848 1188 P

432 1189 587 1245 angulus
609 1187 741 1229 solidus
765 1188 976 1228 constitutus
999 1190 1062 1242 qui
1085 1190 1291 1230 continetur

433 1271 590 1314 quatuor
614 1256 748 1313 angulis
772 1256 888 1311 planis
914 1259 1034 1306 ONP,
1058 1257 1205 1311 PNQ,
1238 1258 1373 1311 QNR,
1399 1260 1515 1299 ONR
1539 1258 1619 1314 ipsis
1643 1260 1695 1307 A,
1718 1261 1759 1308 Β,
1788 1262 1831 1308 C,
1860 1263 1903 1302 D

432 1327 651 1382 aequalibus,
676 1325 803 1381 singuli
826 1325 981 1380 finguliS.
1033 1326 1164 1367 solidos
1189 1339 1312 1367 autem
1335 1326 1496 1382 angulos,
1521 1329 1582 1381 qui
1606 1329 1792 1382 praediffls
1813 1346 1905 1384 qua-

436 1408 519 1436 tuor
541 1394 678 1449 angulis
702 1395 815 1448 planis
841 1396 885 1433 ad
910 1397 942 1434 F
966 1406 1001 1434 et
1025 1399 1062 1435 N
1087 1397 1327 1444 continentur,
1363 1411 1440 1435 non
1465 1395 1534 1436 esse
1557 1397 1648 1436 inter
1666 1395 1700 1436 se
1724 1398 1900 1452 aequales,

434 1465 505 1505 five
528 1478 605 1503 non
636 1461 736 1516 poffe
762 1462 826 1501 fibi
852 1474 981 1501 mutuo
1005 1478 1213 1517 congruere,
1245 1476 1344 1517 patet
1371 1479 1415 1503 ex
1438 1479 1483 1503 eo
1507 1465 1605 1518 quod
1631 1465 1750 1520 anguli
1776 1469 1900 1516 GFK,

436 1531 651 1585 ONQfive
663 1529 786 1585 anguli
799 1532 845 1578 E,
864 1533 912 1570 M
931 1545 975 1570 ex
988 1533 1249 1571 construftione
1263 1531 1331 1571 fint
1345 1531 1560 1588 inaequales,
1574 1546 1609 1573 et
1627 1546 1813 1588 propterea
1827 1551 1903 1577 rec-

435 1614 493 1642 tae
517 1603 603 1649 GF,
627 1602 699 1641 FK
723 1614 799 1640 non
823 1598 971 1653 poffunt
987 1614 1185 1654 congruere
1209 1601 1308 1640 refftis
1335 1601 1424 1650 ΟΝ,
1450 1603 1543 1654 NQ
1575 1603 1680 1656 igitur
1705 1618 1820 1658 neque
1839 1620 1902 1646 an—

435 1670 509 1727 guli
533 1669 634 1711 solidi
653 1668 718 1710 sibi
741 1681 871 1709 mutuo
895 1682 1109 1723 congruent,
1134 1682 1169 1710 et
1190 1681 1379 1724 propterea
1403 1670 1608 1725 inaequales
1632 1671 1720 1711 sunt.

505 1741 557 1780 Et
582 1740 755 1794 quoniam
783 1753 827 1778 ex
851 1738 962 1778 tribus
986 1738 1074 1778 datis
1098 1739 1233 1794 angulis
1261 1742 1313 1787 A,
1339 1742 1381 1789 B,
1411 1742 1443 1781 C
1467 1738 1612 1794 poffunt
1636 1741 1815 1782 innumeri
1840 1757 1904 1783 an-

436 1808 512 1864 guli
535 1810 683 1849 inveniri
711 1810 774 1862 qui
799 1808 924 1847 eadem
948 1808 1112 1848 efficiunt
1134 1824 1216 1849 cum
1242 1808 1376 1863 angulo
1402 1812 1453 1858 D,
1477 1822 1512 1849 et
1539 1809 1652 1850 rursus
1676 1825 1719 1850 ex
1744 1811 1823 1865 ipsis
1851 1815 1904 1862 A,

434 1880 476 1926 B,
500 1881 532 1919 C
557 1890 593 1918 et
618 1881 669 1927 D,
697 1877 752 1917 vel
776 1891 852 1917 uno
876 1878 998 1931 quovis
1019 1892 1062 1917 ex
1086 1877 1177 1918 hisce
1201 1879 1407 1925 innumeris,
1434 1880 1581 1918 inveniri
1601 1879 1744 1933 poffunt
1764 1879 1821 1920 alii
1841 1882 1902 1934 qui

435 1948 559 1987 eadem
584 1948 762 2002 praestant
780 1961 862 1986 cum
887 1945 1024 2000 angulis
1048 1949 1083 1986 E
1106 1947 1160 1988 vel
1178 1950 1237 1994 M,
1257 1949 1435 1988 innumeri
1460 1946 1518 1987 alii
1542 1947 1642 1988 solidi
1667 1948 1788 2003 anguli
1812 1964 1900 1990 con-

436 2015 527 2055 stitui
551 2016 694 2070 possunt
717 2017 777 2070 qui
800 2014 923 2056 iisdem
947 2027 1098 2070 quatuor
1122 2015 1259 2071 angulis
1282 2015 1395 2070 planis
1414 2018 1664 2066 continentur,
1691 2018 1750 2072 qui
1775 2032 1904 2059 omnes

436 2085 529 2124 inter
552 2084 586 2125 se
610 2085 690 2125 sunt
714 2084 928 2140 inaequales.
984 2087 1041 2139 Q
1060 2087 1107 2125 E.
1133 2088 1184 2125 D.

506 2154 699 2194 Falluntur
721 2156 828 2209 igitur
852 2154 992 2195 Clavius
1021 2154 1149 2208 aliique
1180 2158 1341 2195 auftores
1371 2156 1433 2210 qui
1460 2155 1612 2196 afferunt
1636 2155 1765 2196 solidos
1789 2171 1900 2211 angu-

435 2221 488 2264 los
512 2225 575 2279 qui
598 2223 802 2280 aequalibus
829 2236 863 2265 et
887 2222 1009 2265 iisdem
1034 2239 1188 2267 numero
1210 2224 1326 2280 planis
1347 2224 1483 2281 angulis
1507 2227 1735 2268 continentur
1759 2226 1850 2265 inter
1868 2224 1903 2266 se

1738 2293 1901 2349 aequales
