2111 2755
621 191 1151 245 NOTAE.

556 329 726 369 PROP.
763 325 920 367 XXXV.
991 327 1103 365 LIB.
1139 327 1206 364 XI.

229 427 274 465 In
298 423 366 464 hac
388 421 540 463 breviori
561 421 615 461 via
638 435 749 475 quam
771 420 808 459 in
834 429 929 458 textu
947 418 1092 456 Graeco
1110 415 1228 470 anguli
1246 418 1366 463 ABH,
1384 417 1508 457 DEM
1527 419 1610 459 reffi

159 494 391 534 ostenduntur
400 510 408 539 ;
445 503 479 531 et
503 488 658 530 similiter
680 488 882 529 ostendetur
906 489 1018 525 reetos
1037 483 1106 525 effe
1128 488 1251 533 ACH,
1277 488 1407 526 DFM.
1451 488 1611 540 repetitio

157 576 277 603 autem
302 560 455 615 ejusdem
478 556 800 599 Demonstrationis
824 569 916 610 quae
940 555 976 593 in
1001 566 1099 594 textu
1122 554 1272 594 habetur
1296 553 1422 594 omissa
1447 556 1506 594 est.
1549 571 1608 595 ve-

158 630 300 671 risimile
324 630 420 669 enim
444 629 491 668 est
515 642 594 666 eam
618 641 639 665 a
669 625 828 679 quodam
851 623 1000 663 Editore
1032 624 1141 662 textui
1173 624 1327 667 additam
1358 622 1471 670 fuiffe,
1502 636 1542 663 ut
1564 637 1609 665 ex

159 698 283 746 verbis,
309 696 499 737 “similiter
522 693 839 735 demonstrabimus
850 692 868 706 ”
893 692 1067 746 conjicere
1085 690 1185 738 licet3
1222 706 1263 731 ea
1282 693 1377 731 enim
1398 707 1475 731 non
1498 691 1610 732 solent

159 769 241 809 addi
265 767 329 806 nisi
353 766 500 819 quando
523 762 793 803 Demonstratio
817 776 893 800 non
918 760 1075 808 traditur,
1099 772 1172 806 aut,
1198 759 1224 799 fi
1247 762 1373 800 tradita
1398 760 1450 807 fit,
1474 761 1511 800 in
1536 761 1614 814 qui-

157 835 306 877 busdam
329 834 447 873 differt
471 848 491 872 a
514 832 746 886 praecedente
771 829 1099 877 Demonstratione‚
1130 841 1170 868 ut
1192 830 1230 869 in
1258 829 1333 869 26.
1365 830 1472 884 hujus
1495 828 1610 869 Libri.

156 907 364 957 Campanus
388 915 507 941 autem
530 916 605 941 non
625 900 734 941 habet
758 899 850 940 hanc
876 899 1136 952 repetitionem.

223 972 346 1014 Aliam
365 970 554 1011 Corollarii
577 971 683 1024 hujus
701 968 956 1022 Propofitionis
977 967 1332 1007 Demonstrationem
1351 966 1526 1015 dedimus,
1549 981 1611 1007 cu-

149 1043 209 1098 jus
231 1056 301 1096 ope
324 1039 523 1094 Propofitio
553 1038 627 1089 36.
653 1053 744 1093 quae
768 1037 930 1091 sequitur,
955 1036 1212 1076 demonstratur
1235 1035 1309 1076 fine
1331 1039 1438 1090 Prop.
1465 1048 1532 1086 35.

526 1152 695 1191 PROP.
732 1150 909 1189 XXXVI.
980 1149 1090 1188 LIB.
1126 1148 1195 1187 XI.

227 1247 390 1288 Andreas
410 1245 577 1299 Tacquet
593 1245 631 1283 in
649 1242 800 1283 Euclide
823 1241 886 1281 suo
910 1240 1003 1280 hanc
1021 1239 1306 1294 Propofitionem
1325 1239 1400 1279 fine
1418 1253 1488 1293 ope
1500 1241 1610 1294 Prop.

163 1329 186 1367 3
195 1329 232 1367 5.
251 1316 479 1356 demonstrat.
528 1324 624 1366 patet
649 1324 767 1352 autem
793 1310 904 1351 solida
929 1324 1019 1363 quae
1043 1308 1275 1363 aequiangula
1300 1309 1478 1356 dicuntur,
1508 1309 1546 1348 in
1577 1324 1615 1348 e-

158 1386 385 1426 nuntiatione
402 1382 657 1435 propositionis
686 1394 706 1430 3
720 1380 760 1419 6.
786 1392 825 1420 ut
848 1394 944 1418 nunc
967 1377 1118 1417 habetur
1136 1379 1174 1417 in
1193 1389 1290 1417 textu
1309 1379 1465 1425 Graeco,
1485 1392 1526 1416 ea
1545 1374 1615 1417 elle

159 1468 318 1507 quorum
341 1451 462 1505 anguli
485 1449 584 1489 solidi
607 1448 718 1488 tribus
742 1447 879 1502 angulis
906 1447 1019 1500 planis
1049 1447 1139 1485 inter
1169 1444 1203 1484 se
1232 1444 1451 1498 aequalibUS,
1486 1444 1614 1499 singuli

161 1520 314 1576 fingu1i3‚
333 1532 368 1559 et
387 1519 541 1558 similiter
560 1516 690 1570 positis,
710 1517 956 1561 continentur;
991 1525 1031 1553 ut
1051 1528 1095 1552 ex
1113 1514 1370 1553 construetione
1389 1511 1614 1554 manifestum

161 1592 222 1630 est.
269 1590 336 1629 hos
361 1600 480 1627 autern
504 1584 652 1641 angulos
676 1583 806 1624 solidos
827 1583 890 1623 fibi
913 1594 1039 1622 mutuo
1063 1596 1260 1636 congruere
1279 1580 1429 1629 assumit,
1454 1596 1529 1622 non
1555 1582 1616 1622 de-

163 1659 337 1699 monstrat
360 1658 586 1710 Tacquetus;
626 1654 729 1707 ponit
752 1655 848 1693 enim
870 1651 928 1692 ille
951 1650 1059 1690 solida
1078 1652 1154 1705 jam
1179 1648 1271 1690 faeta
1293 1649 1373 1698 esse,
1397 1665 1473 1689 non
1498 1651 1617 1690 osten-

164 1729 217 1768 dit
240 1726 428 1781 quomodo
451 1725 705 1770 construantur,
725 1734 764 1761 ut
787 1723 824 1761 in
849 1733 945 1761 textu
970 1722 1115 1759 Graeco
1139 1717 1273 1758 fastum
1295 1720 1355 1758 est.
1403 1733 1472 1772 ope
1496 1731 1615 1759 autem

164 1795 337 1837 secundae
362 1793 687 1834 Demonstrationis
711 1790 949 1844 praecedentis
973 1787 1175 1835 Corollarii‚
1194 1787 1464 1828 Demonstratio
1486 1789 1559 1842 ejus
1577 1788 1615 1827 in

166 1865 236 1906 hac
258 1865 363 1904 etiam
386 1878 477 1917 quae
501 1864 538 1902 in
563 1873 659 1901 textu
681 1859 832 1899 habetur
856 1856 1046 1912 hypothesi
1066 1855 1220 1910 legitima
1239 1856 1407 1896 redditur.

542 1974 714 2013 PROP.
752 1972 949 2010 XXXVII.
1017 1970 1126 2008 LIB.
1163 1970 1230 2007 XI.

237 2070 282 2108 In
305 2067 372 2106 hae
396 2064 575 2106 assumitur
599 2064 750 2103 rationes
773 2061 959 2116 triplicatas
983 2062 1163 2101 rationum
1186 2075 1278 2114 quae
1301 2060 1391 2099 inter
1414 2056 1449 2099 se
1472 2059 1620 2100 eaedem

168 2136 257 2185 sunt,
281 2134 350 2176 effe
367 2136 457 2175 inter
476 2132 509 2174 se
532 2133 682 2181 easdem,
706 2145 746 2172 ut
765 2145 799 2172 et
818 2132 969 2172 rationes
987 2129 1125 2170 casdem
1144 2128 1214 2169 effe
1232 2130 1323 2168 inter
1341 2127 1373 2167 se
1393 2143 1546 2182 quarum
1568 2144 1621 2169 ra-

171 2207 285 2246 tiones
307 2203 497 2258 triplicatae
520 2202 598 2242 sunt
622 2203 712 2242 inter
736 2200 769 2241 se
793 2201 957 2247 eaedem;
994 2200 1093 2254 quod
1120 2199 1193 2240 fine
1216 2199 1533 2239 Demonstratione
1557 2198 1621 2237 mi-

796 2272 830 2309 E
855 2284 874 2308 e
897 2284 917 2308 e
956 2280 979 2307 2
1527 2267 1625 2306 nime

1733 198 1837 261 403
