<?xml version="1.0" encoding="UTF-8"?>
<!DOCTYPE html PUBLIC "-//W3C//DTD XHTML 1.0 Transitional//EN"
    "http://www.w3.org/TR/xhtml1/DTD/xhtml1-transitional.dtd">
<html xmlns="http://www.w3.org/1999/xhtml" xml:lang="en" lang="en">
 <head>
  <title>
</title>
<meta http-equiv="Content-Type" content="text/html;charset=utf-8" />
  <meta name='ocr-system' content='tesseract 3.04.00' />
  <meta name='ocr-capabilities' content='ocr_page ocr_carea ocr_par ocr_line ocrx_word'/>
</head>
<body>
  <div class='ocr_page' id='page_1' title='image "./euclidiselemento00eucl_0412.png"; bbox 0 0 2111 2755; ppageno 0'>
   <div class='ocr_carea' id='block_1_1' title="bbox 903 214 1443 267">
    <p class='ocr_par' dir='ltr' id='par_1_1' title="bbox 903 214 1443 267">
     <span class='ocr_line' id='line_1_1' title="bbox 903 214 1443 267; baseline 0.009 -7"><span class='ocrx_word' id='word_1_1' title='bbox 903 214 1443 267; x_wconf 90' lang='lat' dir='ltr'>NOTAE.</span> 
     </span>
    </p>
   </div>
   <div class='ocr_carea' id='block_1_2' title="bbox 884 352 1461 396">
    <p class='ocr_par' dir='ltr' id='par_1_2' title="bbox 884 352 1461 396">
     <span class='ocr_line' id='line_1_2' title="bbox 884 352 1461 396; baseline 0.01 -5"><span class='ocrx_word' id='word_1_2' title='bbox 884 352 1053 392; x_wconf 88' lang='lat' dir='ltr'>PROP.</span> <span class='ocrx_word' id='word_1_3' title='bbox 1090 353 1176 392; x_wconf 90' lang='lat' dir='ltr'>XX.</span> <span class='ocrx_word' id='word_1_4' title='bbox 1247 356 1356 396; x_wconf 90' lang='lat' dir='ltr'>LIB.</span> <span class='ocrx_word' id='word_1_5' title='bbox 1393 358 1461 396; x_wconf 95' lang='lat' dir='ltr'>XI.</span> 
     </span>
    </p>
   </div>
   <div class='ocr_carea' id='block_1_3' title="bbox 439 443 1909 972">
    <p class='ocr_par' dir='ltr' id='par_1_3' title="bbox 439 443 1907 706">
     <span class='ocr_line' id='line_1_3' title="bbox 509 443 1905 509; baseline 0.009 -24"><span class='ocrx_word' id='word_1_6' title='bbox 509 446 555 485; x_wconf 89' lang='lat' dir='ltr'>In</span> <span class='ocrx_word' id='word_1_7' title='bbox 578 443 646 484; x_wconf 88' lang='lat' dir='ltr'>hac</span> <span class='ocrx_word' id='word_1_8' title='bbox 669 457 782 498; x_wconf 90' lang='lat' dir='ltr'>prope</span> <span class='ocrx_word' id='word_1_9' title='bbox 805 443 948 484; x_wconf 86' lang='lat' dir='ltr'>initium</span> <span class='ocrx_word' id='word_1_10' title='bbox 971 443 1126 485; x_wconf 85' lang='lat' dir='ltr'>habetur</span> <span class='ocrx_word' id='word_1_11' title='bbox 1152 450 1174 468; x_wconf 92' lang='lat'>“</span> <span class='ocrx_word' id='word_1_12' title='bbox 1189 444 1243 487; x_wconf 90' lang='lat' dir='ltr'>fin</span> <span class='ocrx_word' id='word_1_13' title='bbox 1262 449 1393 496; x_wconf 49' lang='lat' dir='ltr'>minua</span> <span class='ocrx_word' id='word_1_14' title='bbox 1421 446 1464 489; x_wconf 83' lang='lat' dir='ltr'>fit</span> <span class='ocrx_word' id='word_1_15' title='bbox 1486 449 1604 505; x_wconf 85' lang='lat' dir='ltr'>major</span> <span class='ocrx_word' id='word_1_16' title='bbox 1621 452 1755 493; x_wconf 88' lang='lat' dir='ltr'>BAC.’¹</span> <span class='ocrx_word' id='word_1_17' title='bbox 1790 459 1905 509; x_wconf 83' lang='lat' dir='ltr'>potest</span> 
     </span>
     <span class='ocr_line' id='line_1_4' title="bbox 440 512 1905 578; baseline 0.008 -23"><span class='ocrx_word' id='word_1_18' title='bbox 440 526 560 555; x_wconf 89' lang='lat' dir='ltr'>autem</span> <span class='ocrx_word' id='word_1_19' title='bbox 585 512 737 568; x_wconf 85' lang='lat' dir='ltr'>angulus</span> <span class='ocrx_word' id='word_1_20' title='bbox 762 515 864 553; x_wconf 85' lang='lat' dir='ltr'>BAC</span> <span class='ocrx_word' id='word_1_21' title='bbox 898 512 1053 567; x_wconf 82' lang='lat' dir='ltr'>aequalis</span> <span class='ocrx_word' id='word_1_22' title='bbox 1084 513 1154 555; x_wconf 85' lang='lat' dir='ltr'>effe</span> <span class='ocrx_word' id='word_1_23' title='bbox 1184 515 1284 556; x_wconf 88' lang='lat' dir='ltr'>alteri</span> <span class='ocrx_word' id='word_1_24' title='bbox 1308 515 1537 571; x_wconf 84' lang='lat' dir='ltr'>reliquorum.</span> <span class='ocrx_word' id='word_1_25' title='bbox 1586 518 1780 574; x_wconf 87' lang='lat' dir='ltr'>legendum</span> <span class='ocrx_word' id='word_1_26' title='bbox 1802 525 1905 578; x_wconf 80' lang='lat' dir='ltr'>igitur</span> 
     </span>
     <span class='ocr_line' id='line_1_5' title="bbox 441 581 1907 648; baseline 0.008 -27"><span class='ocrx_word' id='word_1_27' title='bbox 441 588 465 608; x_wconf 76' lang='lat'>‘⁶</span> <span class='ocrx_word' id='word_1_28' title='bbox 492 582 545 622; x_wconf 86' lang='lat' dir='ltr'>sm</span> <span class='ocrx_word' id='word_1_29' title='bbox 568 583 697 631; x_wconf 87' lang='lat' dir='ltr'>minus,</span> <span class='ocrx_word' id='word_1_30' title='bbox 739 581 782 622; x_wconf 86' lang='lat' dir='ltr'>fit</span> <span class='ocrx_word' id='word_1_31' title='bbox 812 582 965 637; x_wconf 83' lang='lat' dir='ltr'>angulus</span> <span class='ocrx_word' id='word_1_32' title='bbox 988 585 1089 623; x_wconf 85' lang='lat' dir='ltr'>BAC</span> <span class='ocrx_word' id='word_1_33' title='bbox 1120 599 1198 624; x_wconf 89' lang='lat' dir='ltr'>non</span> <span class='ocrx_word' id='word_1_34' title='bbox 1221 587 1342 626; x_wconf 84' lang='lat' dir='ltr'>minor</span> <span class='ocrx_word' id='word_1_35' title='bbox 1365 589 1497 627; x_wconf 88' lang='lat' dir='ltr'>utrovis</span> <span class='ocrx_word' id='word_1_36' title='bbox 1520 587 1758 642; x_wconf 86' lang='lat' dir='ltr'>reliquorum,</span> <span class='ocrx_word' id='word_1_37' title='bbox 1793 595 1907 648; x_wconf 85' lang='lat' dir='ltr'>major</span> 
     </span>
     <span class='ocr_line' id='line_1_6' title="bbox 439 652 918 706; baseline -0.004 -13"><span class='ocrx_word' id='word_1_38' title='bbox 439 657 464 677; x_wconf 90' lang='lat'>“</span> <span class='ocrx_word' id='word_1_39' title='bbox 489 664 612 693; x_wconf 85' lang='lat' dir='ltr'>autem</span> <span class='ocrx_word' id='word_1_40' title='bbox 636 667 745 706; x_wconf 88' lang='lat' dir='ltr'>quam</span> <span class='ocrx_word' id='word_1_41' title='bbox 768 652 918 692; x_wconf 89' lang='lat' dir='ltr'>DAB.”</span> 
     </span>
    </p>

    <p class='ocr_par' dir='ltr' id='par_1_4' title="bbox 442 719 1909 972">
     <span class='ocr_line' id='line_1_7' title="bbox 511 719 1907 776; baseline 0.006 -14"><span class='ocrx_word' id='word_1_42' title='bbox 511 725 563 762; x_wconf 91' lang='lat' dir='ltr'>Et</span> <span class='ocrx_word' id='word_1_43' title='bbox 586 722 632 762; x_wconf 84' lang='lat' dir='ltr'>ad</span> <span class='ocrx_word' id='word_1_44' title='bbox 656 722 769 761; x_wconf 85' lang='lat' dir='ltr'>finem</span> <span class='ocrx_word' id='word_1_45' title='bbox 793 722 898 776; x_wconf 88' lang='lat' dir='ltr'>hujus</span> <span class='ocrx_word' id='word_1_46' title='bbox 922 719 1059 776; x_wconf 82' lang='lat' dir='ltr'>legitur,</span> <span class='ocrx_word' id='word_1_47' title='bbox 1096 725 1118 745; x_wconf 90' lang='lat'><strong>“</strong></span> <span class='ocrx_word' id='word_1_48' title='bbox 1133 720 1292 763; x_wconf 82' lang='lat' dir='ltr'>fimiliter</span> <span class='ocrx_word' id='word_1_49' title='bbox 1316 723 1672 775; x_wconf 84' lang='lat' dir='ltr'>demonstrabimus,”</span> <span class='ocrx_word' id='word_1_50' title='bbox 1708 743 1792 769; x_wconf 87' lang='lat' dir='ltr'>cum</span> <span class='ocrx_word' id='word_1_51' title='bbox 1811 729 1907 771; x_wconf 75' lang='lat' dir='ltr'>nulla</span> 
     </span>
     <span class='ocr_line' id='line_1_8' title="bbox 442 790 1909 848; baseline 0.005 -16"><span class='ocrx_word' id='word_1_52' title='bbox 442 792 749 832; x_wconf 77' lang='lat' dir='ltr'>demonstratione</span> <span class='ocrx_word' id='word_1_53' title='bbox 772 805 864 845; x_wconf 81' lang='lat' dir='ltr'>opus</span> <span class='ocrx_word' id='word_1_54' title='bbox 889 790 949 838; x_wconf 85' lang='lat' dir='ltr'>fit;</span> <span class='ocrx_word' id='word_1_55' title='bbox 989 793 1162 844; x_wconf 81' lang='lat' dir='ltr'>quoniam</span> <span class='ocrx_word' id='word_1_56' title='bbox 1186 793 1284 831; x_wconf 76' lang='lat' dir='ltr'>enlm</span> <span class='ocrx_word' id='word_1_57' title='bbox 1308 792 1458 848; x_wconf 82' lang='lat' dir='ltr'>angulus</span> <span class='ocrx_word' id='word_1_58' title='bbox 1481 797 1588 835; x_wconf 88' lang='lat' dir='ltr'>BAC</span> <span class='ocrx_word' id='word_1_59' title='bbox 1612 811 1689 837; x_wconf 90' lang='lat' dir='ltr'>non</span> <span class='ocrx_word' id='word_1_60' title='bbox 1713 799 1836 838; x_wconf 79' lang='lat' dir='ltr'>minor</span> <span class='ocrx_word' id='word_1_61' title='bbox 1866 799 1909 840; x_wconf 88' lang='lat' dir='ltr'>fit</span> 
     </span>
     <span class='ocr_line' id='line_1_9' title="bbox 442 859 1907 923; baseline 0.005 -22"><span class='ocrx_word' id='word_1_62' title='bbox 442 863 574 902; x_wconf 84' lang='lat' dir='ltr'>utrovis</span> <span class='ocrx_word' id='word_1_63' title='bbox 599 859 830 916; x_wconf 87' lang='lat' dir='ltr'>reliquorum,</span> <span class='ocrx_word' id='word_1_64' title='bbox 865 871 963 914; x_wconf 89' lang='lat' dir='ltr'>patet</span> <span class='ocrx_word' id='word_1_65' title='bbox 985 862 1090 901; x_wconf 88' lang='lat' dir='ltr'>BAC</span> <span class='ocrx_word' id='word_1_66' title='bbox 1121 875 1193 901; x_wconf 86' lang='lat' dir='ltr'>una</span> <span class='ocrx_word' id='word_1_67' title='bbox 1216 876 1301 901; x_wconf 86' lang='lat' dir='ltr'>curn</span> <span class='ocrx_word' id='word_1_68' title='bbox 1325 861 1439 902; x_wconf 84' lang='lat' dir='ltr'>altero</span> <span class='ocrx_word' id='word_1_69' title='bbox 1463 878 1506 903; x_wconf 86' lang='lat' dir='ltr'>ex</span> <span class='ocrx_word' id='word_1_70' title='bbox 1529 864 1608 918; x_wconf 82' lang='lat' dir='ltr'>ipfis</span> <span class='ocrx_word' id='word_1_71' title='bbox 1631 865 1771 921; x_wconf 88' lang='lat' dir='ltr'>reliquo</span> <span class='ocrx_word' id='word_1_72' title='bbox 1793 869 1907 923; x_wconf 88' lang='lat' dir='ltr'>majo-</span> 
     </span>
     <span class='ocr_line' id='line_1_10' title="bbox 442 929 626 972; baseline -0.005 0"><span class='ocrx_word' id='word_1_73' title='bbox 442 944 522 972; x_wconf 70' lang='lat' dir='ltr'>tem</span> <span class='ocrx_word' id='word_1_74' title='bbox 544 929 626 972; x_wconf 84' lang='lat' dir='ltr'>effe.</span> 
     </span>
    </p>
   </div>
   <div class='ocr_carea' id='block_1_4' title="bbox 861 1023 1486 1065">
    <p class='ocr_par' dir='ltr' id='par_1_5' title="bbox 861 1023 1486 1065">
     <span class='ocr_line' id='line_1_11' title="bbox 861 1023 1486 1065; baseline 0.006 -4"><span class='ocrx_word' id='word_1_75' title='bbox 861 1023 1036 1062; x_wconf 90' lang='lat' dir='ltr'>PROP.</span> <span class='ocrx_word' id='word_1_76' title='bbox 1074 1024 1200 1063; x_wconf 89' lang='lat' dir='ltr'><strong>XXII.</strong></span> <span class='ocrx_word' id='word_1_77' title='bbox 1270 1025 1381 1064; x_wconf 89' lang='lat' dir='ltr'>LIB.</span> <span class='ocrx_word' id='word_1_78' title='bbox 1418 1027 1486 1065; x_wconf 89' lang='lat' dir='ltr'>XI.</span> 
     </span>
    </p>
   </div>
   <div class='ocr_carea' id='block_1_5' title="bbox 440 1134 1910 1536">
    <p class='ocr_par' dir='ltr' id='par_1_6' title="bbox 440 1134 1910 1536">
     <span class='ocr_line' id='line_1_12' title="bbox 511 1134 1910 1196; baseline 0.005 -21"><span class='ocrx_word' id='word_1_79' title='bbox 511 1138 565 1175; x_wconf 91' lang='lat' dir='ltr'>Et</span> <span class='ocrx_word' id='word_1_80' title='bbox 582 1135 620 1176; x_wconf 85' lang='lat' dir='ltr'>in</span> <span class='ocrx_word' id='word_1_81' title='bbox 644 1134 713 1175; x_wconf 82' lang='lat' dir='ltr'>hac</span> <span class='ocrx_word' id='word_1_82' title='bbox 736 1134 862 1189; x_wconf 77' lang='lat' dir='ltr'>legitur</span> <span class='ocrx_word' id='word_1_83' title='bbox 885 1149 1001 1189; x_wconf 86' lang='lat' dir='ltr'>prope</span> <span class='ocrx_word' id='word_1_84' title='bbox 1024 1136 1174 1185; x_wconf 83' lang='lat' dir='ltr'>initium,</span> <span class='ocrx_word' id='word_1_85' title='bbox 1199 1135 1290 1178; x_wconf 85' lang='lat' dir='ltr'>“fin</span> <span class='ocrx_word' id='word_1_86' title='bbox 1314 1138 1445 1186; x_wconf 82' lang='lat' dir='ltr'>minus,</span> <span class='ocrx_word' id='word_1_87' title='bbox 1470 1137 1538 1179; x_wconf 87' lang='lat' dir='ltr'>smt</span> <span class='ocrx_word' id='word_1_88' title='bbox 1561 1138 1764 1194; x_wconf 82' lang='lat' dir='ltr'>inaequales</span> <span class='ocrx_word' id='word_1_89' title='bbox 1788 1142 1910 1196; x_wconf 85' lang='lat' dir='ltr'>anguli</span> 
     </span>
     <span class='ocr_line' id='line_1_13' title="bbox 442 1204 1910 1262; baseline 0.004 -17"><span class='ocrx_word' id='word_1_90' title='bbox 442 1209 466 1229; x_wconf 89' lang='lat'><strong>“</strong></span> <span class='ocrx_word' id='word_1_91' title='bbox 490 1205 536 1245; x_wconf 90' lang='lat' dir='ltr'>ad</span> <span class='ocrx_word' id='word_1_92' title='bbox 561 1207 604 1253; x_wconf 87' lang='lat' dir='ltr'>B,</span> <span class='ocrx_word' id='word_1_93' title='bbox 630 1207 678 1254; x_wconf 91' lang='lat' dir='ltr'>E,</span> <span class='ocrx_word' id='word_1_94' title='bbox 702 1207 755 1252; x_wconf 91' lang='lat' dir='ltr'>H,</span> <span class='ocrx_word' id='word_1_95' title='bbox 779 1216 815 1244; x_wconf 89' lang='lat' dir='ltr'>et</span> <span class='ocrx_word' id='word_1_96' title='bbox 839 1206 956 1259; x_wconf 87' lang='lat' dir='ltr'>major</span> <span class='ocrx_word' id='word_1_97' title='bbox 979 1205 1022 1245; x_wconf 87' lang='lat' dir='ltr'>fit</span> <span class='ocrx_word' id='word_1_98' title='bbox 1045 1204 1196 1260; x_wconf 80' lang='lat' dir='ltr'>angulus</span> <span class='ocrx_word' id='word_1_99' title='bbox 1221 1206 1267 1245; x_wconf 89' lang='lat' dir='ltr'>ad</span> <span class='ocrx_word' id='word_1_100' title='bbox 1290 1209 1319 1246; x_wconf 90' lang='grc' dir='ltr'>Β</span> <span class='ocrx_word' id='word_1_101' title='bbox 1344 1208 1475 1247; x_wconf 84' lang='lat' dir='ltr'>utrovis</span> <span class='ocrx_word' id='word_1_102' title='bbox 1498 1207 1653 1262; x_wconf 87' lang='lat' dir='ltr'>ipsorum</span> <span class='ocrx_word' id='word_1_103' title='bbox 1678 1209 1738 1262; x_wconf 87' lang='lat' dir='ltr'>qui</span> <span class='ocrx_word' id='word_1_104' title='bbox 1762 1209 1842 1250; x_wconf 90' lang='lat' dir='ltr'>sunt</span> <span class='ocrx_word' id='word_1_105' title='bbox 1865 1211 1910 1251; x_wconf 91' lang='lat' dir='ltr'>ad</span> 
     </span>
     <span class='ocr_line' id='line_1_14' title="bbox 443 1272 1910 1333; baseline 0.003 -19"><span class='ocrx_word' id='word_1_106' title='bbox 443 1280 467 1298; x_wconf 80' lang='grc'><strong>“</strong></span> <span class='ocrx_word' id='word_1_107' title='bbox 491 1276 539 1323; x_wconf 84' lang='grc' dir='ltr'>Ε,</span> <span class='ocrx_word' id='word_1_108' title='bbox 552 1274 628 1314; x_wconf 84' lang='grc' dir='ltr'>Η.”</span> <span class='ocrx_word' id='word_1_109' title='bbox 670 1274 760 1314; x_wconf 87' lang='lat' dir='ltr'>haec</span> <span class='ocrx_word' id='word_1_110' title='bbox 779 1272 967 1314; x_wconf 82' lang='lat' dir='ltr'>manifeste</span> <span class='ocrx_word' id='word_1_111' title='bbox 985 1275 1102 1315; x_wconf 85' lang='lat' dir='ltr'>vitiata</span> <span class='ocrx_word' id='word_1_112' title='bbox 1119 1273 1208 1323; x_wconf 85' lang='lat' dir='ltr'>sunt,</span> <span class='ocrx_word' id='word_1_113' title='bbox 1227 1277 1358 1328; x_wconf 81' lang='lat' dir='ltr'>poterit</span> <span class='ocrx_word' id='word_1_114' title='bbox 1382 1278 1480 1317; x_wconf 82' lang='lat' dir='ltr'>enim</span> <span class='ocrx_word' id='word_1_115' title='bbox 1499 1277 1647 1332; x_wconf 87' lang='lat' dir='ltr'>angulus</span> <span class='ocrx_word' id='word_1_116' title='bbox 1666 1278 1712 1318; x_wconf 92' lang='lat' dir='ltr'>ad</span> <span class='ocrx_word' id='word_1_117' title='bbox 1732 1281 1762 1317; x_wconf 94' lang='lat' dir='ltr'>B</span> <span class='ocrx_word' id='word_1_118' title='bbox 1782 1293 1910 1333; x_wconf 86' lang='lat' dir='ltr'>aequa-</span> 
     </span>
     <span class='ocr_line' id='line_1_15' title="bbox 440 1342 1906 1401; baseline 0.004 -19"><span class='ocrx_word' id='word_1_119' title='bbox 440 1342 482 1383; x_wconf 85' lang='lat' dir='ltr'>lis</span> <span class='ocrx_word' id='word_1_120' title='bbox 501 1342 569 1383; x_wconf 84' lang='lat' dir='ltr'>effe</span> <span class='ocrx_word' id='word_1_121' title='bbox 587 1344 650 1383; x_wconf 80' lang='lat' dir='ltr'>uni</span> <span class='ocrx_word' id='word_1_122' title='bbox 668 1342 899 1396; x_wconf 80' lang='lat' dir='ltr'>reliquorum.</span> <span class='ocrx_word' id='word_1_123' title='bbox 949 1343 1141 1398; x_wconf 80' lang='lat' dir='ltr'>legendum</span> <span class='ocrx_word' id='word_1_124' title='bbox 1161 1344 1264 1397; x_wconf 83' lang='lat' dir='ltr'>igitur</span> <span class='ocrx_word' id='word_1_125' title='bbox 1282 1347 1331 1384; x_wconf 85' lang='lat' dir='ltr'>est</span> <span class='ocrx_word' id='word_1_126' title='bbox 1364 1345 1453 1385; x_wconf 84' lang='lat' dir='ltr'>“fin</span> <span class='ocrx_word' id='word_1_127' title='bbox 1471 1348 1600 1395; x_wconf 86' lang='lat' dir='ltr'>minus,</span> <span class='ocrx_word' id='word_1_128' title='bbox 1621 1347 1689 1387; x_wconf 87' lang='lat' dir='ltr'>smt</span> <span class='ocrx_word' id='word_1_129' title='bbox 1706 1347 1906 1401; x_wconf 84' lang='lat' dir='ltr'>inaequales</span> 
     </span>
     <span class='ocr_line' id='line_1_16' title="bbox 443 1410 1909 1469; baseline 0.004 -19"><span class='ocrx_word' id='word_1_130' title='bbox 443 1417 464 1435; x_wconf 93' lang='lat'>“</span> <span class='ocrx_word' id='word_1_131' title='bbox 491 1410 613 1466; x_wconf 82' lang='lat' dir='ltr'>anguli</span> <span class='ocrx_word' id='word_1_132' title='bbox 630 1411 677 1451; x_wconf 85' lang='lat' dir='ltr'>ad</span> <span class='ocrx_word' id='word_1_133' title='bbox 700 1413 742 1459; x_wconf 83' lang='lat' dir='ltr'>B,</span> <span class='ocrx_word' id='word_1_134' title='bbox 761 1414 808 1459; x_wconf 92' lang='lat' dir='ltr'>E,</span> <span class='ocrx_word' id='word_1_135' title='bbox 828 1414 880 1459; x_wconf 89' lang='lat' dir='ltr'>H,</span> <span class='ocrx_word' id='word_1_136' title='bbox 900 1424 935 1451; x_wconf 92' lang='lat' dir='ltr'>et</span> <span class='ocrx_word' id='word_1_137' title='bbox 954 1412 995 1451; x_wconf 86' lang='lat' dir='ltr'>fit</span> <span class='ocrx_word' id='word_1_138' title='bbox 1019 1411 1169 1466; x_wconf 81' lang='lat' dir='ltr'>angulus</span> <span class='ocrx_word' id='word_1_139' title='bbox 1193 1412 1237 1451; x_wconf 86' lang='lat' dir='ltr'>ad</span> <span class='ocrx_word' id='word_1_140' title='bbox 1256 1416 1285 1452; x_wconf 91' lang='lat' dir='ltr'>B</span> <span class='ocrx_word' id='word_1_141' title='bbox 1307 1428 1384 1452; x_wconf 89' lang='lat' dir='ltr'>non</span> <span class='ocrx_word' id='word_1_142' title='bbox 1403 1415 1522 1454; x_wconf 80' lang='lat' dir='ltr'>minor</span> <span class='ocrx_word' id='word_1_143' title='bbox 1541 1416 1671 1455; x_wconf 87' lang='lat' dir='ltr'>utrovis</span> <span class='ocrx_word' id='word_1_144' title='bbox 1689 1415 1845 1469; x_wconf 90' lang='lat' dir='ltr'>ipsorum</span> <span class='ocrx_word' id='word_1_145' title='bbox 1864 1417 1909 1457; x_wconf 87' lang='lat' dir='ltr'>ad</span> 
     </span>
     <span class='ocr_line' id='line_1_17' title="bbox 442 1480 1868 1536; baseline 0.003 -15"><span class='ocrx_word' id='word_1_146' title='bbox 442 1484 464 1504; x_wconf 92' lang='lat'><strong>“</strong></span> <span class='ocrx_word' id='word_1_147' title='bbox 491 1482 539 1529; x_wconf 94' lang='lat' dir='ltr'>E,</span> <span class='ocrx_word' id='word_1_148' title='bbox 562 1481 616 1519; x_wconf 92' lang='lat' dir='ltr'>H.</span> <span class='ocrx_word' id='word_1_149' title='bbox 659 1493 736 1519; x_wconf 89' lang='lat' dir='ltr'>non</span> <span class='ocrx_word' id='word_1_150' title='bbox 760 1480 864 1534; x_wconf 84' lang='lat' dir='ltr'>igitur</span> <span class='ocrx_word' id='word_1_151' title='bbox 882 1482 1005 1519; x_wconf 86' lang='lat' dir='ltr'>minor</span> <span class='ocrx_word' id='word_1_152' title='bbox 1029 1482 1078 1520; x_wconf 87' lang='lat' dir='ltr'>cst</span> <span class='ocrx_word' id='word_1_153' title='bbox 1101 1484 1193 1519; x_wconf 69' lang='lat' dir='ltr'>re&amp;a</span> <span class='ocrx_word' id='word_1_154' title='bbox 1217 1483 1289 1521; x_wconf 90' lang='lat' dir='ltr'>AC</span> <span class='ocrx_word' id='word_1_155' title='bbox 1313 1483 1443 1521; x_wconf 80' lang='lat' dir='ltr'>utravis</span> <span class='ocrx_word' id='word_1_156' title='bbox 1466 1482 1621 1536; x_wconf 85' lang='lat' dir='ltr'>ipsarum</span> <span class='ocrx_word' id='word_1_157' title='bbox 1644 1486 1729 1532; x_wconf 92' lang='lat' dir='ltr'>DF,</span> <span class='ocrx_word' id='word_1_158' title='bbox 1755 1486 1868 1527; x_wconf 80' lang='lat' dir='ltr'>GK.”</span> 
     </span>
    </p>
   </div>
   <div class='ocr_carea' id='block_1_6' title="bbox 849 1592 1494 1635">
    <p class='ocr_par' dir='ltr' id='par_1_7' title="bbox 849 1592 1494 1635">
     <span class='ocr_line' id='line_1_18' title="bbox 849 1592 1494 1635; baseline 0.006 -4"><span class='ocrx_word' id='word_1_159' title='bbox 849 1593 1022 1631; x_wconf 90' lang='lat' dir='ltr'>PROP.</span> <span class='ocrx_word' id='word_1_160' title='bbox 1061 1592 1208 1632; x_wconf 90' lang='lat' dir='ltr'>XXIII.</span> <span class='ocrx_word' id='word_1_161' title='bbox 1279 1594 1387 1633; x_wconf 91' lang='lat' dir='ltr'>LIB.</span> <span class='ocrx_word' id='word_1_162' title='bbox 1425 1597 1494 1635; x_wconf 92' lang='lat' dir='ltr'>XI.</span> 
     </span>
    </p>
   </div>
   <div class='ocr_carea' id='block_1_7' title="bbox 442 1682 1909 2017">
    <p class='ocr_par' dir='ltr' id='par_1_8' title="bbox 442 1682 1909 2017">
     <span class='ocr_line' id='line_1_19' title="bbox 514 1682 1908 1740; baseline 0.004 -15"><span class='ocrx_word' id='word_1_163' title='bbox 514 1686 787 1725; x_wconf 87' lang='lat' dir='ltr'>Demonstratio</span> <span class='ocrx_word' id='word_1_164' title='bbox 811 1684 918 1740; x_wconf 84' lang='lat' dir='ltr'>hujus</span> <span class='ocrx_word' id='word_1_165' title='bbox 942 1682 1054 1739; x_wconf 87' lang='lat' dir='ltr'>paulo</span> <span class='ocrx_word' id='word_1_166' title='bbox 1078 1683 1218 1724; x_wconf 79' lang='lat' dir='ltr'>brevior</span> <span class='ocrx_word' id='word_1_167' title='bbox 1235 1686 1371 1726; x_wconf 88' lang='lat' dir='ltr'>reddita</span> <span class='ocrx_word' id='word_1_168' title='bbox 1388 1689 1448 1736; x_wconf 85' lang='lat' dir='ltr'>est,</span> <span class='ocrx_word' id='word_1_169' title='bbox 1468 1688 1670 1728; x_wconf 82' lang='lat' dir='ltr'>omittendo</span> <span class='ocrx_word' id='word_1_170' title='bbox 1687 1690 1724 1729; x_wconf 88' lang='lat' dir='ltr'>in</span> <span class='ocrx_word' id='word_1_171' title='bbox 1744 1688 1822 1730; x_wconf 87' lang='lat' dir='ltr'>casu</span> <span class='ocrx_word' id='word_1_172' title='bbox 1840 1702 1908 1732; x_wconf 86' lang='lat' dir='ltr'>ter-</span> 
     </span>
     <span class='ocr_line' id='line_1_20' title="bbox 444 1752 1909 1808; baseline 0.003 -12"><span class='ocrx_word' id='word_1_173' title='bbox 444 1756 496 1796; x_wconf 79' lang='lat' dir='ltr'>ti0</span> <span class='ocrx_word' id='word_1_174' title='bbox 520 1769 562 1794; x_wconf 86' lang='lat' dir='ltr'>ea</span> <span class='ocrx_word' id='word_1_175' title='bbox 588 1770 681 1808; x_wconf 82' lang='lat' dir='ltr'>quae</span> <span class='ocrx_word' id='word_1_176' title='bbox 704 1755 798 1808; x_wconf 80' lang='lat' dir='ltr'>prius</span> <span class='ocrx_word' id='word_1_177' title='bbox 822 1753 957 1793; x_wconf 85' lang='lat' dir='ltr'>ostensa</span> <span class='ocrx_word' id='word_1_178' title='bbox 981 1752 1128 1794; x_wconf 83' lang='lat' dir='ltr'>fuerunt</span> <span class='ocrx_word' id='word_1_179' title='bbox 1151 1754 1188 1793; x_wconf 88' lang='lat' dir='ltr'>in</span> <span class='ocrx_word' id='word_1_180' title='bbox 1211 1756 1351 1808; x_wconf 65' lang='lat' dir='ltr'>primm</span> <span class='ocrx_word' id='word_1_181' title='bbox 1387 1769 1423 1796; x_wconf 90' lang='lat' dir='ltr'>et</span> <span class='ocrx_word' id='word_1_182' title='bbox 1446 1756 1655 1797; x_wconf 87' lang='lat' dir='ltr'>adhibendo</span> <span class='ocrx_word' id='word_1_183' title='bbox 1678 1759 1909 1800; x_wconf 72' lang='lat' dir='ltr'>construffio-</span> 
     </span>
     <span class='ocr_line' id='line_1_21' title="bbox 442 1823 1908 1878; baseline 0.003 -13"><span class='ocrx_word' id='word_1_184' title='bbox 442 1839 529 1865; x_wconf 86' lang='lat' dir='ltr'>nem</span> <span class='ocrx_word' id='word_1_185' title='bbox 553 1838 661 1878; x_wconf 88' lang='lat' dir='ltr'>quam</span> <span class='ocrx_word' id='word_1_186' title='bbox 678 1825 887 1877; x_wconf 87' lang='lat' dir='ltr'>Campanus</span> <span class='ocrx_word' id='word_1_187' title='bbox 912 1823 1027 1870; x_wconf 82' lang='lat' dir='ltr'>tradit,</span> <span class='ocrx_word' id='word_1_188' title='bbox 1060 1824 1121 1877; x_wconf 83' lang='lat' dir='ltr'>qui</span> <span class='ocrx_word' id='word_1_189' title='bbox 1153 1834 1271 1863; x_wconf 84' lang='lat' dir='ltr'>tamen</span> <span class='ocrx_word' id='word_1_190' title='bbox 1295 1824 1425 1865; x_wconf 84' lang='lat' dir='ltr'>Casum</span> <span class='ocrx_word' id='word_1_191' title='bbox 1455 1839 1495 1864; x_wconf 82' lang='lat'>2.</span> <span class='ocrx_word' id='word_1_192' title='bbox 1521 1838 1557 1865; x_wconf 89' lang='lat' dir='ltr'>et</span> <span class='ocrx_word' id='word_1_193' title='bbox 1580 1840 1620 1876; x_wconf 80' lang='lat'>3.</span> <span class='ocrx_word' id='word_1_194' title='bbox 1653 1842 1730 1868; x_wconf 88' lang='lat' dir='ltr'>non</span> <span class='ocrx_word' id='word_1_195' title='bbox 1755 1828 1908 1869; x_wconf 87' lang='lat' dir='ltr'>demon-</span> 
     </span>
     <span class='ocr_line' id='line_1_22' title="bbox 443 1893 1907 1951; baseline 0.002 -17"><span class='ocrx_word' id='word_1_196' title='bbox 443 1895 536 1934; x_wconf 87' lang='lat' dir='ltr'>strat.</span> <span class='ocrx_word' id='word_1_197' title='bbox 584 1894 691 1948; x_wconf 90' lang='lat' dir='ltr'><strong>hujus</strong></span> <span class='ocrx_word' id='word_1_198' title='bbox 714 1904 834 1932; x_wconf 89' lang='lat' dir='ltr'>autem</span> <span class='ocrx_word' id='word_1_199' title='bbox 857 1893 949 1932; x_wconf 83' lang='lat' dir='ltr'>tertii</span> <span class='ocrx_word' id='word_1_200' title='bbox 967 1893 1184 1932; x_wconf 69' lang='lat' dir='ltr'>construffio</span> <span class='ocrx_word' id='word_1_201' title='bbox 1201 1905 1237 1934; x_wconf 87' lang='lat' dir='ltr'>et</span> <span class='ocrx_word' id='word_1_202' title='bbox 1255 1895 1526 1936; x_wconf 85' lang='lat' dir='ltr'>Demonstratio</span> <span class='ocrx_word' id='word_1_203' title='bbox 1544 1895 1774 1950; x_wconf 74' lang='lat' dir='ltr'>simpliciores</span> <span class='ocrx_word' id='word_1_204' title='bbox 1796 1897 1907 1951; x_wconf 87' lang='lat' dir='ltr'>paulo</span> 
     </span>
     <span class='ocr_line' id='line_1_23' title="bbox 445 1960 1158 2017; baseline -0.004 -14"><span class='ocrx_word' id='word_1_205' title='bbox 445 1978 553 2017; x_wconf 85' lang='lat' dir='ltr'>quarn</span> <span class='ocrx_word' id='word_1_206' title='bbox 577 1964 615 2003; x_wconf 86' lang='lat' dir='ltr'>in</span> <span class='ocrx_word' id='word_1_207' title='bbox 640 1975 739 2003; x_wconf 87' lang='lat' dir='ltr'>textu</span> <span class='ocrx_word' id='word_1_208' title='bbox 762 1965 909 2002; x_wconf 82' lang='lat' dir='ltr'>Graeco</span> <span class='ocrx_word' id='word_1_209' title='bbox 933 1960 1045 2001; x_wconf 66' lang='lat' dir='ltr'>fa&amp;ae</span> <span class='ocrx_word' id='word_1_210' title='bbox 1069 1960 1158 2001; x_wconf 87' lang='lat' dir='ltr'>sunt.</span> 
     </span>
    </p>
   </div>
   <div class='ocr_carea' id='block_1_8' title="bbox 862 2076 1493 2117">
    <p class='ocr_par' dir='ltr' id='par_1_9' title="bbox 862 2076 1493 2117">
     <span class='ocr_line' id='line_1_24' title="bbox 862 2076 1493 2117; baseline 0.002 -2"><span class='ocrx_word' id='word_1_211' title='bbox 862 2077 1029 2116; x_wconf 89' lang='lat' dir='ltr'>PROP.</span> <span class='ocrx_word' id='word_1_212' title='bbox 1066 2076 1206 2115; x_wconf 86' lang='lat' dir='ltr'>XXIV.</span> <span class='ocrx_word' id='word_1_213' title='bbox 1277 2078 1388 2117; x_wconf 86' lang='lat' dir='ltr'>LIB.</span> <span class='ocrx_word' id='word_1_214' title='bbox 1425 2079 1493 2116; x_wconf 85' lang='lat' dir='ltr'>XI.</span> 
     </span>
    </p>
   </div>
   <div class='ocr_carea' id='block_1_9' title="bbox 443 2165 1908 2350">
    <p class='ocr_par' dir='ltr' id='par_1_10' title="bbox 443 2165 1908 2350">
     <span class='ocr_line' id='line_1_25' title="bbox 513 2165 1906 2224; baseline 0.004 -18"><span class='ocrx_word' id='word_1_215' title='bbox 513 2165 677 2207; x_wconf 88' lang='lat' dir='ltr'>Verbum</span> <span class='ocrx_word' id='word_1_216' title='bbox 702 2172 723 2190; x_wconf 89' lang='lat'><strong><em>“</em></strong></span> <span class='ocrx_word' id='word_1_217' title='bbox 744 2166 894 2208; x_wconf 80' lang='lat' dir='ltr'>fimilia”</span> <span class='ocrx_word' id='word_1_218' title='bbox 925 2168 1177 2208; x_wconf 82' lang='lat' dir='ltr'>Enuntiationi</span> <span class='ocrx_word' id='word_1_219' title='bbox 1201 2169 1305 2224; x_wconf 86' lang='lat' dir='ltr'><strong>hujus</strong></span> <span class='ocrx_word' id='word_1_220' title='bbox 1329 2170 1490 2209; x_wconf 83' lang='lat' dir='ltr'>additum</span> <span class='ocrx_word' id='word_1_221' title='bbox 1515 2170 1574 2218; x_wconf 90' lang='lat' dir='ltr'>est,</span> <span class='ocrx_word' id='word_1_222' title='bbox 1599 2171 1773 2224; x_wconf 85' lang='lat' dir='ltr'>quoniam</span> <span class='ocrx_word' id='word_1_223' title='bbox 1797 2169 1906 2224; x_wconf 85' lang='lat' dir='ltr'>plana</span> 
     </span>
     <span class='ocr_line' id='line_1_26' title="bbox 443 2235 1904 2294; baseline 0.003 -18"><span class='ocrx_word' id='word_1_224' title='bbox 443 2235 571 2291; x_wconf 79' lang='lat' dir='ltr'>quibus</span> <span class='ocrx_word' id='word_1_225' title='bbox 593 2237 823 2278; x_wconf 80' lang='lat' dir='ltr'>continentur</span> <span class='ocrx_word' id='word_1_226' title='bbox 846 2235 957 2278; x_wconf 80' lang='lat' dir='ltr'>solida</span> <span class='ocrx_word' id='word_1_227' title='bbox 982 2252 1074 2292; x_wconf 80' lang='lat' dir='ltr'>quae</span> <span class='ocrx_word' id='word_1_228' title='bbox 1105 2238 1142 2278; x_wconf 84' lang='lat' dir='ltr'>in</span> <span class='ocrx_word' id='word_1_229' title='bbox 1173 2241 1281 2293; x_wconf 89' lang='lat' dir='ltr'>Prop.</span> <span class='ocrx_word' id='word_1_230' title='bbox 1320 2250 1386 2289; x_wconf 84' lang='lat'>25.</span> <span class='ocrx_word' id='word_1_231' title='bbox 1418 2238 1580 2294; x_wconf 87' lang='lat' dir='ltr'>aequalia</span> <span class='ocrx_word' id='word_1_232' title='bbox 1609 2240 1701 2280; x_wconf 88' lang='lat' dir='ltr'>inter</span> <span class='ocrx_word' id='word_1_233' title='bbox 1730 2238 1764 2280; x_wconf 89' lang='lat' dir='ltr'>se</span> <span class='ocrx_word' id='word_1_234' title='bbox 1787 2241 1904 2280; x_wconf 86' lang='lat' dir='ltr'>osten-</span> 
     </span>
     <span class='ocr_line' id='line_1_27' title="bbox 1790 2308 1908 2350; baseline 0.017 -2"><span class='ocrx_word' id='word_1_235' title='bbox 1790 2308 1908 2350; x_wconf 82' lang='lat' dir='ltr'>denda</span> 
     </span>
    </p>
   </div>
   <div class='ocr_carea' id='block_1_10' title="bbox 2050 0 2111 2318">
    <p class='ocr_par' dir='ltr' id='par_1_11' title="bbox 2050 0 2111 2318">
     <span class='ocr_line' id='line_1_28' title="bbox 2050 0 2111 2318; baseline 0 0"><span class='ocrx_word' id='word_1_236' title='bbox 2050 0 2111 2318; x_wconf 95' lang='lat' dir='ltr'> </span> 
     </span>
    </p>
   </div>
  </div>
 </body>
</html>
